3167 5192
1177 521 1638 579 PRAEFATIO.
2216 523 2534 578 LXXXIII

280 705 587 788 expolivit
643 712 702 771 et
749 703 1171 786 interpolavit,
1232 705 1439 770 verbis
1497 704 1827 770 nonnullis
1886 704 2136 770 omissis
2194 705 2525 771 additisve.

286 797 445 860 Non
511 795 711 860 solum
768 793 1133 860 Willibaldi
1186 795 1523 876 proloyum
1589 795 1664 859 in
1731 795 1944 873 fronte
2005 794 2355 876 collocavit,
2419 797 2532 860 sed

284 883 480 948 etiam
524 885 759 963 fraude
803 881 1155 964 impudenti
1199 904 1292 967 ca,
1340 903 1503 964 quae
1548 889 1769 949 auctor
1814 883 2240 965 Moyuntinus
2287 882 2372 965 (c.
2411 885 2524 967 13)

286 975 365 1038 de
408 972 519 1036 illo
566 977 1003 1052 enarraverat,
1052 970 1277 1053 prima
1327 992 1610 1054 persona
1667 993 1822 1036 usus
1879 972 2177 1053 reddidit,
2239 972 2428 1054 quasi
2485 995 2528 1038 a

212 1087 245 1125 5
298 1061 673 1128 Willibaldo
716 1061 859 1144 ipso
906 1059 1261 1141 conscripta
1306 1067 1524 1142 essent,
1572 1060 1669 1125 ita
1712 1067 1786 1124 ut
1827 1083 1878 1126 c.
1928 1066 2032 1126 29.
2080 1060 2394 1145 incipiat:

501 1157 655 1214 Post
702 1157 819 1214 hec
880 1173 1023 1232 ego
1072 1157 1468 1213 Willibaldus
1510 1158 1969 1232 *episcopus
2015 1158 2216 1214 vitam
2275 1174 2526 1215 conver-

288 1246 731 1322 sacionemque
789 1245 963 1303 beati
1008 1246 1285 1302 martiris
1347 1245 1660 1304 Bonifacii
1720 1263 1966 1303 necnon
2036 1249 2100 1303 et
2167 1247 2528 1320 passionem

287 1336 446 1404 eius,
498 1337 645 1410 quia
689 1335 899 1392 adhuc
944 1334 1131 1391 multi
1177 1339 1567 1408 supererant,
1619 1335 1728 1411 qui
1775 1335 1981 1393 eidem
2027 1336 2308 1410 passioni
2339 1336 2527 1392 inter·

285 1424 567 1493 fuerunt,
616 1423 1087 1498 conscripsi
1131 1423 1199 1479 in
1244 1423 1399 1492 loco,
1448 1428 1547 1482 cet.

192 1529 247 1566 ιο
514 1505 1029 1586 Gompilationem
1073 1524 1233 1585 quac
1277 1506 1504 1570 edatur
1546 1505 1886 1588 indiynam
1931 1527 2062 1570 esse
2107 1511 2305 1586 ratus,
2369 1505 2528 1570 satis

286 1593 485 1660 habui
542 1594 832 1659 lectiones
881 1593 1106 1659 varias
1164 1592 1439 1658 alicuius
1496 1593 1794 1659 momenti
1851 1595 1941 1659 ad
1997 1593 2210 1660 Vitam
2255 1594 2528 1676 Moyun-

290 1683 491 1748 tinam
538 1685 863 1764 adnotare,
910 1682 1094 1764 siyno
1140 1683 1214 1746 F
1250 1682 1487 1763 additO,
1526 1684 1877 1764 plenasque
1921 1682 2284 1764 speciminis
2331 1705 2528 1748 causa

291 1794 340 1838 c.
396 1778 497 1837 12.
555 1777 633 1836 13
683 1769 775 1854 (p.
827 1777 973 1852 104,
1010 1777 1304 1852 2-106,
1340 1773 1411 1855 3)
1460 1771 1755 1836 adiunxi.

514 1860 827 1942 Georyius
908 1859 1309 1941 Vicelius,
1402 1860 1860 1944 Hayioloyium
1941 1882 2050 1925 seu
2084 1887 2090 1892 ·
2125 1863 2199 1926 de
2288 1859 2530 1926 sanctis

192 1971 249 2011 15
290 1949 611 2031 ecclesiae,
688 1948 1069 2031 Moyuntiae
1140 1955 1341 2030 1541,
1419 1950 1533 2049 fol.
1606 1949 1716 2015 GL
1733 1950 1874 2015 V—
1887 1947 1999 2014 GL
2016 1949 2155 2031 VI‘,
2225 1949 2530 2031 epitomen

288 2039 483 2103 huius
527 2037 986 2120 compilationis
1018 2037 1266 2119 publici
1294 2037 1463 2102 iuris
1508 2038 1663 2117 fecit
1679 2039 1702 2077 ¹
1737 2037 1914 2120 eique
1947 2060 2164 2120 pauca
2195 2060 2272 2103 ex
2311 2038 2528 2104 Otloho

289 2127 562 2208 addidit,
633 2127 812 2192 cuius
872 2147 1025 2208 opus
1086 2126 1161 2191 in
1228 2127 1434 2192 codice
1499 2127 1968 2209 subsequitur,
1915 2129 1977 2166 2·
2045 2127 2311 2209 denique
2378 2128 2531 2192 haec

289 2219 481 2282 verba
524 2215 909 2298 subscripsit,
958 2221 1128 2280 textu
1173 2215 1601 2298 compilatoris
1648 2213 1731 2294 (c.
1767 2217 1882 2300 29)
1922 2216 2314 2298 ncyleycnter
2341 2237 2532 2281 usus:

504 2312 636 2386 Ego
682 2311 1059 2369 Wilibaldus
1106 2313 1381 2386 episcop.
1430 2315 1550 2369 etc.
1597 2313 1798 2369 vitam
1846 2316 1911 2370 et
1954 2313 2316 2387 passionem
2346 2313 2526 2369 Boni-

192 2415 253 2454 20
288 2401 438 2458 facii
500 2401 840 2476 conscripsi
900 2401 1174 2476 primum
1234 2401 1301 2458 in
1360 2402 1590 2480 ceratis
1651 2401 1887 2458 tabulis
1951 2402 2033 2458 ad
2091 2401 2530 2476 probationem

288 2490 454 2548 Luni
513 2494 578 2547 et
639 2490 1077 2564 Megengaudi.
1183 2489 1337 2546 Post
1395 2507 1614 2547 eorum
1673 2507 1939 2547 examen
1997 2491 2064 2546 in
2130 2491 2530 2565 pergamenis

289 2580 600 2654 rescripsi.
707 2579 916 2653 Atque
970 2579 1091 2636 hoc
1148 2579 1217 2634 in
1285 2579 1448 2647 loce,
1520 2579 1629 2654 qui
1697 2579 1929 2636 dicitur
1996 2581 2200 2636 sancti
2259 2579 2529 2637 Victoris

290 2673 468 2726 extra
535 2684 749 2724 muros
810 2667 1195 2742 Moguntiae‚
1266 2668 1375 2724 ubi
1434 2667 1655 2724 Lullus
1725 2672 1791 2725 et
1849 2668 2148 2725 Rabanus
2217 2668 2532 2724 vacabant

292 2757 701 2825 orationibus,
750 2760 869 2813 etc.

193 2857 254 2896 25
515 2837 835 2919 Cot-nisius,
910 2837 1232 2919 Serarius,
1303 2838 1397 2902 M
1392 2837 1734 2903 abillonius
1793 2837 2128 2903 Wicelium
2195 2837 2389 2902 secuti
2455 2859 2532 2903 ca

292 2927 467 3009 operi
516 2927 878 2993 Willibaldi
935 2926 1332 2992 subiecerunt
1341 2949 1367 3008 ,·
1418 2928 1531 2992 sed
1578 2927 1792 3008 potius
1851 2949 1883 2992 e
1943 2926 2091 2991 Vita
2137 2926 2532 3008 Moyuntina

290 3016 437 3098 ipsa
492 3018 771 3098 pendere
828 3015 963 3079 iam
1020 3015 1467 3080 Henschcnius
1522 3023 1940 3097 perspexerat
1959 3017 2001 3097 3,
2073 3023 2259 3097 atque
2327 3015 2532 3081 codice

290 3105 608 3170 Fuldensi
651 3111 893 3186 reperto
939 3110 997 3168 ct
1040 3103 1401 3168 eoeaminato
1448 3106 1523 3169 de
1568 3105 1816 3187 oriyine
1862 3104 2148 3170 dubitari
2192 3105 2426 3186 nequit.

294 3296 346 3366 1)
396 3296 787 3348 Narrationem
834 3296 1046 3347 Wicclii
1090 3312 1117 3348 e
1168 3296 1346 3346 tribus
1398 3297 1702 3348 auctoribus
1756 3299 1790 3363 (
1798 3297 2107 3349 Willibaldo
2121 3335 2138 3363 ,
2193 3297 2530 3363 Moyuntin0‚

197 3381 256 3420 30
296 3367 507 3433 Otloho)
554 3369 796 3434 pendere,
846 3374 979 3420 recte
1016 3369 1258 3434 exposuit
1292 3367 1361 3421 A.
1397 3366 1768 3434 Niirnberyer,
1820 3369 2198 3420 Commentatio
2239 3385 2298 3433 p.
2337 3371 2408 3422 22
2431 3383 2530 3433 sq„

292 3440 481 3492 codicis
505 3436 988 3502 francofurtensis
1010 3439 1376 3490 intercedentis
1410 3441 1634 3492 nescius.
1671 3469 1745 3478 —·
1779 3439 2030 3490 Wicclius
2053 3440 2176 3490 inde
2199 3439 2267 3490 ab
2292 3455 2345 3492 a.
2373 3440 2530 3500 1540.

290 3510 505 3561 Fuldae
553 3511 745 3576 deyens
784 3511 1071 3576 proloqum
1118 3508 1435 3575 Hayioloyii
1472 3511 1556 3561 ‘ex
1605 3511 1762 3575 sylva
1809 3511 2014 3576 Faqea’
2053 3513 2110 3572 (i.
2149 3526 2190 3564 e.
2227 3510 2532 3569 Buchonia)

292 3583 466 3632 emisit
512 3587 669 3647 atque
716 3597 842 3633 moa·
891 3584 1030 3632 inter
1078 3585 1417 3632 monumenta
1470 3581 1718 3632 adhibita
1770 3582 2154 3634 ‘bibliothecam
2188 3578 2530 3632 Fuldensem’
2591 3601 2602 3612 ·

294 3655 652 3717 enumeravit,
728 3655 882 3704 cuius
941 3651 1202 3703 codicibus
1261 3654 1419 3702 etiam
1490 3653 1634 3704 alias
1691 3669 1825 3704 usus
1895 3659 1971 3705 est
1982 3671 2004 3716 ,·
2073 3654 2144 3716 cf.
2205 3651 2304 3705 Fr.
2367 3651 2528 3717 Falla,

204 3735 259 3776 35
296 3724 565 3789 ‘Beitrdye
616 3739 723 3774 zur
770 3723 1227 3775 Rekonstrulction
1279 3723 1375 3774 der
1428 3723 1567 3775 alten
1623 3724 1946 3776 Bibliotheca
1998 3721 2306 3775 Fuldensis'
2359 3723 2532 3789 (‘Bei-

296 3795 439 3858 heftc
483 3810 609 3845 zum
662 3794 1013 3846 Centralblatt
1060 3795 1162 3857 fiir
1209 3793 1722 3846 Bibliothelcswesen’
1770 3795 2010 3859 XXVI),
2065 3797 2220 3861 1902,
2269 3811 2322 3861 p.
2363 3796 2396 3847 9
2420 3810 2531 3860 sqq.

306 3866 439 3917 Tres
488 3865 681 3917 codices
726 3868 821 3932 qui
856 3866 1111 3916 dicuntur
1148 3864 1531 3930 Bonifatianos
1566 3867 1666 3929 (cf.
1703 3868 1857 3932 infra
1899 3884 1958 3934 p.
1999 3869 2086 3931 51,
2135 3883 2190 3918 n.
2230 3868 2291 3931 1)
2326 3865 2536 3916 Fuldae

296 3938 567 4002 inspexi&
602 3938 669 4001 cf.
708 3937 802 4000 fol.
838 3935 1033 3990 CLVI.
1211 3934 1269 4004 2)
1308 3935 1398 3986 Ad
1434 3937 1456 3985 i
1446 3952 1609 4002 psum
1647 3953 1708 3988 ea
1743 3939 1980 4003 redeunt,
2017 3953 2150 4003 quae
2185 3937 2280 4000 fol.
2317 3935 2406 3988 CL
2420 3935 2534 4001 VI‘,

296 4010 360 4060 in
409 4009 653 4073 maryinc
700 4008 1005 4060 adnotavit:
1059 4003 1191 4057 Alia
1244 4004 1473 4058 historia
1523 4005 1593 4059 de
1643 4005 1698 4061 S.
1743 4006 1956 4062 Bonifa.
2011 4023 2150 4074 quae
2201 4023 2325 4058 eum
2375 4009 2536 4058 vocat

204 4091 263 4129 40
302 4077 639 4146 Apostolum
694 4075 1054 4143 Germaniae,
1108 4093 1241 4128 nam
1295 4076 1616 4141 Bonifatius
1669 4095 1730 4131 re
1781 4095 1906 4131 vera
1963 4082 2022 4130 in
2073 4079 2243 4130 codice
2296 4079 2534 4128 Franco-

299 4151 537 4214 furtensi
564 4151 678 4215 (2e)
713 4150 1033 4215 interpolato
1068 4151 1151 4200 ita
1184 4149 1369 4211 audit,·
1404 4151 1473 4214 cf.
1504 4147 1656 4201 Otloh
1679 4150 1762 4216 ΙΙ,
1791 4153 1856 4204 31
1883 4151 2070 4215 (infra
2101 4167 2156 4217 p.
2181 4151 2304 4214 215,
2326 4151 2533 4208 33).-

300 4221 449 4284 Quae
488 4225 677 4288 postea
716 4220 979 4286 Georyius
1012 4219 1349 4270 Wicelius
1362 4257 1379 4284 ‚
1419 4220 1631 4274 Chorus
1679 4227 1984 4273 sanctorum
2033 4223 2288 4284 omnium,
2330 4219 2543 4284 ‘Zwelff

298 4292 514 4344 Biicher
548 4289 824 4344 Historien
874 4292 1028 4342 Alter
1063 4288 1308 4355 Hciliqen
1349 4290 1568 4355 Gottes’‚
1623 4291 1865 4344 Coloniae
1902 4294 2058 4357 1563,
2096 4309 2150 4358 p.
2211 4292 2535 4355 294—305,

217 4397 223 4402 -
299 4365 363 4415 de
387 4364 663 4428 Bonifatio
700 4365 784 4414 ‘eat
822 4363 960 4414 libro
996 4363 1051 4415 S.
1085 4361 1403 4412 Willibaldi’
1440 4361 1632 4428 linqua
1665 4363 1954 4414 vernacula
1988 4363 2188 4427 attulit,
2213 4377 2274 4412 ea
2296 4363 2538 4412 maxima

205 4445 263 4485 45
299 4451 367 4488 ex
408 4441 572 4501 parte
608 4449 673 4485 ex
714 4433 898 4486 Otloho
936 4433 1182 4501 pendent,
1222 4435 1489 4498 pauciora
1529 4449 1555 4485 e
1592 4436 1994 4502 compilatione,·
2042 4434 2104 4484 de
2155 4433 2332 4485 tribus
2379 4433 2540 4485 libris

301 4506 679 4571 Bonifatianis
725 4507 793 4570 cf.
832 4521 891 4571 p.
931 4507 1053 4560 303.
1196 4505 1252 4570 3)
1294 4502 1360 4555 L.
1392 4505 1428 4558 l.
1470 4520 1531 4570 p.
1564 4507 1686 4560 453.

2115 4590 2235 4646 VI*
