3167 5192
1105 490 1576 550 PRAEFATIO.
2214 493 2465 549 LXXIX

221 699 266 743 a
312 678 587 759 quodmn
631 677 806 741 docto
851 674 1030 740 viro'.
1127 676 1491 741 Sermonem
1542 675 1823 741 auctoris
1878 696 2052 741 more
2108 698 2223 741 suo
2281 676 2470 759 quasi

223 764 679 849 simpliciorem
722 762 1093 830 retractavit
1142 769 1200 829 et
1256 764 1631 846 immutavit,
1692 763 1963 848 exceptis
2020 764 2328 849 epistulis,
2379 763 2469 831 ‘in

225 853 458 937 quibus
501 854 700 937 stylus
741 852 984 918 mutari
1028 873 1160 918 non
1204 852 1462 918 debuit’.

445 941 775 1007 Henricus
850 940 1244 1007 Oanisius
1309 942 1351 1005 Ζ.
1422 942 1463 1005 Ζ.
1534 948 1679 1006 tom.
1748 942 1881 1021 IV,
1937 963 2103 1024 pars
2168 945 2465 1024 secunda,

157 1054 289 1115 sp.
355 1037 588 1096 393-
602 1036 732 1095 468
803 1026 928 1112 (ed.
995 1030 1382 1111 Basnaye
1451 1030 1610 1113 III,
1675 1030 2083 1115 337-368),
2155 1031 2369 1097 Vitam
2434 1054 2467 1097 e

225 1120 440 1187 codice
483 1118 912 1199 Rebdorfensi
971 1115 1186 1198 (nobis
1233 1121 1303 1202 8)
1365 1118 1583 1200 edidit,
1644 1141 1677 1185 e
1735 1119 1917 1185 cuius
1962 1120 2468 1203 praescriptione

225 1209 424 1275 etiam
490 1230 718 1274 nomen
785 1207 1066 1274 auctoris
1131 1207 1337 1289 cruit,·
1403 1208 1724 1290 epistulas,
1794 1229 2067 1290 quarum
2122 1230 2469 1275 sermonem

230 1298 472 1364 Surius
527 1297 838 1363 intactum
892 1296 1238 1379 reliquerat
1295 1294 1432 1378 (II,
1487 1304 1610 1362 1—
1631 1303 1690 1362 9.
1758 1304 1837 1363 12
1853 1296 2080 1381 —15),
2140 1298 2215 1363 in
2272 1299 2470 1363 altero

231 1388 396 1453 libro
441 1385 668 1467 omisit,
730 1384 1097 1451 lectionibus
1147 1384 1357 1450 variis
1411 1385 1753 1451 adnotatis.
1860 1386 2057 1452 Anno
2115 1386 2473 1469 insequenti

138 1504 194 1542 ιο
451 1475 765 1541 Nicolaus
841 1475 896 1540 S
905 1474 1270 1557 erarius,
1363 1474 1934 1557 Moyuntiacarum
2012 1496 2229 1540 rerum
2319 1475 2472 1539 libri

229 1564 526 1647 quinque,
587 1563 969 1647 Moyuntiae
1032 1569 1222 1644 1604,
1277 1586 1348 1647 p.
1398 1568 1769 1644 325-434,
1830 1563 2165 1629 editionem
2218 1562 2473 1630 Canisii

229 1652 491 1718 iteravit
507 1654 548 1735 ¹,
582 1651 1202 1735 praescriptionibus
1247 1651 1524 1733 capitum
1569 1652 1813 1717 additis
1856 1652 2273 1735 suffletisque
2312 1673 2472 1735 quae

231 1744 412 1823 apud
463 1740 798 1808 Canisium
855 1742 1084 1806 desunt
1136 1740 1438 1823 epistulis.
1529 1742 1793 1806 Teoetum
1850 1762 2073 1807 earum
2126 1762 2204 1806 ex
2247 1741 2472 1823 epistu-

233 1830 450 1897 larum
502 1830 708 1896 codice
753 1831 805 1895 I
797 1829 1259 1913 nyolstadiensi
1303 1827 1522 1911 (hodie
1566 1829 1953 1897 Monacensi
1997 1830 2146 1895 Lat.
2192 1852 2257 1895 n.
2308 1836 2437 1894 830
2428 1830 2471 1912 )

141 1947 196 1986 15
233 1942 297 1984 a.
355 1925 544 1985 1497.
591 1926 853 1985 eoearato
897 1917 1279 2002 deprompsit
1295 1921 1338 2000 ²,
1399 1940 1509 1985 eas
1551 1940 1699 1984 vero
1744 1938 1907 2001 quae
1964 1918 2039 1983 in
2082 1919 2196 1985 hoc
2240 1919 2473 1985 deside-

229 2014 472 2074 rantur
513 2007 816 2090 epistulas
860 2013 964 2073 88.
999 2014 1058 2073 et
1089 2013 1170 2072 89
1218 2003 1338 2085 (V.
1368 2006 1708 2088 Bonifatii
1738 2008 1844 2089 II,
1886 2013 1988 2073 14.
2025 2007 2138 2089 15)
2185 2029 2218 2073 e
2258 2007 2471 2089 Surio,

231 2104 422 2179 atque
465 2096 542 2163 in
583 2097 688 2161 his
731 2096 885 2161 solis
929 2095 1140 2161 Otlohi
1183 2116 1530 2161 sermonem
1583 2096 1877 2161 servavit.

453 2187 544 2252 In
608 2191 842 2268 quarta
907 2184 1183 2251 editione
1253 2186 1308 2251 S
1314 2206 1358 2249 u
1372 2185 1522 2267 rii,
1593 2185 1696 2251 De
1751 2185 2045 2266 probatis
2110 2192 2475 2252 sanctorum

230 2274 386 2340 vitis
435 2271 476 2353 (
481 2274 632 2357 VI),
687 2273 941 2356 Iunius,
1013 2272 1314 2341 Coloniae
1359 2273 1765 2357 Ayrippinae
1818 2281 2005 2356 1618,
2055 2296 2129 2356 p.
2177 2281 2351 2340 57—
2368 2281 2471 2357 83,

137 2391 196 2430 20
249 2364 402 2430 Vita
460 2385 493 2428 e
546 2362 812 2430 Canisio
869 2362 1136 2445 repetita
1193 2368 1299 2444 est,
1361 2362 1655 2447 epistulis
1710 2384 1743 2428 e
1788 2363 2015 2446 priore
2062 2364 2249 2429 Surii
2306 2370 2477 2429 textu

231 2452 536 2535 suffletis
579 2459 638 2518 et
681 2451 937 2517 Serarii
979 2451 1231 2517 ratione
1274 2451 1516 2518 habita.

449 2539 1008 2606 Mabillonius
1076 2542 1118 2605 Ζ.
1179 2542 1220 2604 Ζ.
1293 2540 1443 2623 ΙΙΙ,
1508 2546 1567 2622 2,
1626 2564 1698 2623 p.
1756 2547 2040 2623 28—87,
2106 2541 2320 2607 Vitam
2388 2543 2479 2607 ad

229 2629 536 2696 editiones
582 2629 768 2696 Surii
811 2636 873 2695 et
925 2629 1182 2695 Oanisii
1224 2630 1556 2711 recensuit,
1607 2630 1778 2694 nullo
1825 2630 2033 2695 codice
2077 2630 2381 2695 adhibito.

456 2718 768 2801 Georyius
853 2717 1270 2784 Christianus
1343 2719 1435 2783 Io
1449 2742 1492 2785 a
1505 2740 1552 2783 n
1568 2718 1656 2783 ni
1668 2740 1702 2783 s
1715 2769 1733 2800 ,
1819 2719 2121 2784 Volumen
2184 2718 2473 2801 primum

135 2834 192 2874 25
227 2828 446 2873 rerum
520 2806 1088 2889 Moyuntiacarum
1102 2859 1121 2889 ,
1213 2807 1643 2887 Francofurti
1730 2810 1821 2873 ad
1892 2808 2201 2874 Moenum
2281 2813 2468 2889 1722,

216 2918 292 2979 p.
355 2902 728 2977 205—273,
789 2902 1024 2962 textum
1083 2895 1342 2962 Serarii
1398 2895 1714 2978 repetivit,
1786 2896 2167 2963 Mabillonii
2232 2916 2473 2980 quoque

227 2985 546 3051 rationem
587 2986 846 3051 babens.

445 3074 818 3156 Bouquet
867 3076 909 3140 Ζ.
957 3076 999 3140 Ζ.
1049 3074 1200 3156 ΙΙΙ,
1251 3080 1623 3158 667-669,
1672 3081 1731 3141 et
1779 3075 1851 3157 V,
1902 3080 2273 3157 425—426,
2320 3096 2473 3141 non-

229 3163 414 3229 nulla
459 3184 492 3228 e
536 3162 928 3230 Mabillonio
972 3163 1288 3246 exscripta
1331 3164 1607 3230 iteravit.

140 3278 196 3319 ao
446 3252 694 3318 Pertz
753 3254 794 3317 l.
843 3252 885 3317 l.
934 3274 1006 3335 p.
1057 3257 1430 3317 357—359.
1479 3254 1819 3336 proloyum
1876 3253 2162 3318 exhibuit
2220 3252 2473 3334 aliaque

229 3342 546 3408 nonnulla
591 3342 680 3406 ad
722 3362 876 3423 opus
918 3339 1282 3408 Willibaldi
1325 3342 1671 3420 adnotavit,
1719 3342 1895 3407 nullo
1939 3341 2147 3407 codice
2189 3362 2362 3406 usus.

445 3428 727 3513 Miyne
773 3432 812 3495 Ζ.
847 3430 888 3495 Ζ.
937 3429 1362 3511 LXXXIX,
1399 3436 1772 3496 633—664.
1820 3437 2051 3495 temtum
2095 3428 2474 3495 Mabillonii

229 3518 498 3584 admisit
539 3526 810 3603 praeter
867 3518 1172 3601 epistulas
1229 3518 1388 3584 alibi
1447 3518 1670 3602 editas,
1731 3540 2005 3601 quarum
2061 3518 2276 3585 initiis
2334 3538 2472 3583 con·

229 3614 438 3673 tentus
481 3613 640 3673 erat.
731 3608 1027 3689 Denique

140 3722 192 3763 85
445 3696 508 3762 J
513 3718 555 3761 a
569 3697 616 3777 f
616 3696 661 3777 f
663 3700 698 3761 ἑ
742 3696 783 3762 l.
831 3698 873 3761 l.
922 3718 994 3779 p.
1034 3701 1407 3778 482—505,
1455 3696 1663 3763 codice
1709 3702 1796 3763 2a
1840 3696 2144 3778 adhibitO,
2190 3697 2473 3777 frustula

227 3784 449 3867 edidit,
497 3784 786 3869 epistulis
831 3784 1104 3866 aliisque
1137 3785 1440 3867 pluribus
1483 3784 1755 3855 omissis.

453 3874 716 3939 Teoetum
786 3873 970 3940 Surii
1037 3874 1323 3939 maa-ima
1397 3895 1474 3939 ex
1535 3882 1729 3957 parte
1800 3874 1876 3940 in
1951 3874 2241 3958 linquam
2316 3874 2469 3941 Ger·

226 3962 554 4028 manicam
609 3962 799 4028 vertit
853 3968 1074 4029 auctor
1131 3962 1320 4029 libri:
1366 3963 1557 4029 ‘Das
1603 3964 1869 4031 Leben
1926 3966 2092 4030 und
2142 3965 2467 4048 Leyden

227 4053 340 4116 des
383 4051 659 4135 heiliyen
687 4051 1149 4131 Ertzbischoffs
1191 4053 1330 4117 und
1363 4051 1739 4136 Martyrers
1767 4053 1837 4118 B
1850 4075 1884 4119 o
1898 4075 1944 4118 n
1958 4052 1987 4118 i
1997 4053 2219 4133 fazii
2264 4054 2352 4097 -’-
2381 4087 2466 4097 -

139 4166 194 4206 ιο
227 4140 410 4205 Auss
483 4142 624 4206 dess
697 4139 1200 4223 Hochwirdiyen
1273 4143 1458 4207 unnd
1531 4140 1916 4224 G-ottseliqen
1988 4140 2315 4220 Biscboffs
2388 4161 2468 4205 zu

227 4228 566 4312 Eychsta'tt
641 4230 708 4297 S.
771 4228 1114 4297 Wilibaldi
1189 4229 1534 4309 Schrifften
1605 4250 1877 4313 yezoyen
1949 4231 2087 4295 und
2158 4228 2231 4295 in
2299 4250 2468 4312 zwey

229 4402 286 4472 1)
340 4404 630 4456 Serarium
676 4405 844 4457 codice
883 4404 1344 4468 Franwfumnsi
1387 4420 1549 4457 usum
1599 4420 1722 4472 esse,
1773 4406 1841 4459 A.
1880 4403 2235 4470 Narnberycr
2281 4408 2468 4457 temere

226 4476 437 4529 statuit.
583 4475 638 4542 2)
671 4476 929 4528 Sco-arius
957 4493 1016 4543 p.
1043 4477 1180 4536 562‚·
1215 4476 1286 4540 cf.
1325 4476 1454 4531 ΜΘ.
1493 4476 1671 4542 Epist.
1709 4476 1821 4542 III,
1843 4476 1967 4531 217.
