3167 5192
680 513 753 569 52
999 507 1194 563 VITA
1230 506 1634 563 BONIFATII
1668 505 2030 564 AUCTORE
2066 506 2575 566 WILLIBALDO.

683 696 961 757 suetae⁸
1001 691 1501 756 misericordiae
1540 690 1685 756 zelo
1734 690 1964 773 puniri
2009 711 2088 754 ac
2136 690 2257 754 diu
2302 691 2718 775 protelatam
2767 693 2920 756 idu‘

682 774 945 846 lorumb
1008 779 1391 844 cultoribus
1456 779 1651 856 iram,
1710 801 1888 844 novo
1947 779 2245 844 recentis
2304 780 2610 845 malitiae
2674 781 2912 846 furore

681 873 1049 954 permotus,
1099 868 1374 954 publice
1420 868 1802 933 ostendere.

894 956 1203 1040 Cumque
1246 957 1597 1041 inprovisa
1640 959 2034 1021 sanctorum
2082 961 2458 1042 martyrum
2507 959 2913 1043 temporalis

682 1047 1165 1130 interemptio⁰
1222 1046 1415 1112 exitii
1472 1067 1594 1130 per
1653 1066 1866 1131 pagos
1926 1065 2005 1110 ac
2066 1046 2252 1111 vicos
2297 1067 2704 1131 omnemque
2765 1069 2913 1133 pro·
2949 1074 2992 1113 5·

682 1136 977 1200 vinciam
1022 1135 1366 1211 volitaret,
1414 1137 1699 1219 repente
1745 1134 2123 1212 christiani,
2157 1137 2500 1221 corporali
2530 1133 2906 1221 conpertod

684 1228 1058 1309 martyrum
1119 1230 1357 1301 morte,
1418 1224 1784 1288 maximam
1846 1228 2344 1308 congregantes
2402 1225 2912 1309 expeditionem

684 1314 1021 1378 exercitus
1038 1364 1053 1390 ‚
1146 1313 1518 1378 confinium
1594 1312 1924 1376 terminos
2027 1313 2336 1397 prumpti
2357 1317 2385 1350 θ
2472 1316 2914 1398 postmodum

683 1403 963 1466 futurae
1010 1402 1295 1466 ultionis
1342 1400 1714 1466 bellatores
1759 1403 2093 1484 expetunt
2153 1403 2244 1479 et,
2305 1403 2621 1468 revoluta
2680 1424 2914 1488 supra-

685 1491 873 1555 dicta
918 1484 1225 1555 dierumf
1278 1489 1789 1574 supputatione,
1850 1489 2234 1555 infidelium
2292 1492 2583 1575 sospites
2644 1493 2764 1557 sed
2815 1493 2913 1556 in·
2953 1521 3026 1560 10·

685 1579 917 1645 devoti
975 1580 1281 1663 hospites
1348 1579 1811 1662 adgrediuntss
1875 1581 2128 1643 terram
2191 1599 2270 1643 ac
2330 1599 2634 1664 paganos
2671 1582 2805 1646 eis
2876 1602 2914 1646 e

685 1669 952 1732 diverso
1020 1660 1423 1732 obbiantesh
1488 1667 1758 1751 ingenti
1827 1669 2055 1751 strage
2171 1672 2664 1734 rostraverunt.
2773 1670 2914 1735 Sed

683 1759 845 1841 quia
890 1757 1144 1841 pagani
1188 1749 1425 1841 primii
1486 1756 1730 1841 populi
1774 1756 2137 1820 christiani
2230 1752 2532 1841 impetul
2575 1759 2914 1823 obsistere

682 1868 823 1911 non
882 1846 1226 1922 valebant,
1296 1846 1369 1907 in
1427 1845 1669 1928 fugam
1729 1844 2068 1929 siquidem
2127 1846 2323 1920 versi,
2384 1867 2638 1930 magna
2696 1847 2912 1912 etiam

684 1935 878 2000 clade
912 1939 1333 2010 corruerunt,
1384 1937 1456 1997 et
1486 1937 1686 2016 terga
1715 1937 2084 2011 vertentes,
2132 1935 2344 1998 vitam
2389 1935 2591 1999 simul
2624 1956 2780 2000 cum
2814 1937 2914 2000 in·
2953 1964 3018 2003 15

680 2020 970 2088 testina'
999 2043 1231 2088 eorum
1300 2022 1815 2105 suppellectilim
1870 2024 1942 2086 et
2010 2023 2380 2089 heredibus
2437 2025 2910 2109 perdiderunt.

685 2112 930 2194 Sicque
976 2111 1208 2176 saltim
1250 2111 1629 2188 christiani,
1679 2111 2351 2195 superstitiosorum]¹
2390 2115 2536 2176 tam
2580 2113 2914 2178 uxoribus

684 2220 888 2283 quam
936 2201 1143 2266 etiam
1190 2200 1349 2262 filiis
1395 2219 1664 2264 necnon
1717 2199 1928 2264 servis
1987 2203 2060 2264 et
2119 2200 2389 2265 ancillis
2449 2202 2909 2286 depraedatis,

685 2290 772 2353 ad
832 2289 1107 2374 propria
1162 2289 1585 2364 redierunt0,
1648 2288 1861 2371 fitque
1921 2289 2124 2354 modo
2170 2289 2492 2366 mirabili,
2553 2295 2634 2355 ut
2679 2311 2906 2376 super·

684 2379 881 2443 stites
948 2378 1311 2461 gentilium
1372 2377 1664 2454 accolae,
1735 2376 2209 2461 praesentibus
2277 2379 2617 2444 confracti
2683 2380 2908 2458 malie,
2951 2408 3016 2446 «ω

684 2471 1004 2532 aeternap
1042 2467 1272 2551 potius
1318 2470 1684 2543 tormenta,
1733 2466 1896 2530 fidei
1939 2466 2213 2550 fulgore
2258 2467 2675 2547 inluminati,
2727 2469 2911 2535 devi-

682 2560 963 2621 taruntq
1030 2559 1104 2620 et
1159 2555 1457 2640 praefati
1518 2554 1866 2619 antestitis
1881 2560 1907 2591 ²·
1976 2555 2330 2622 doctrinae
2391 2557 2908 2636 documentum,

683 2646 864 2729 quod
912 2666 991 2710 eo
1037 2645 1309 2710 vivente
1353 2646 1799 2719 rennuerunt,
1848 2643 2059 2708 etiam
2105 2645 2460 2722 moriente,
2505 2647 2780 2712 divinae
2808 2648 2910 2711 in-

682 2734 1094 2818 crepationis
1140 2733 1604 2798 moderamine
1650 2733 2022 2817 perterriti,
2069 2734 2542 2818 susciperunt⁸
2559 2784 2574 2798 .

896 2822 1157 2906 Corpus
1202 2842 1363 2886 vero
1411 2821 1598 2885 beati
1654 2821 2001 2904 pontificis
2059 2824 2397 2907 prosperis
2441 2823 2614 2889 velis
2673 2828 2908 2890 vento-
2950 2851 3016 2890 ετ»

679 2931 966 2993 rumque
1013 2910 1293 2974 flatibus
1336 2914 1531 2974 trans
1566 2910 1826 2975 fretum
1858 2911 2042 2992 quod
2073 2911 2329 2975 dicitur
2357 2912 2675 2978 Aelmere
2694 2911 2714 2950 ¹
2730 2936 2743 2949 ·
2764 2914 2788 2952 1
2817 2947 2910 2958 -—

684 3000 803 3064 sed
849 3003 921 3064 et
967 2998 1255 3063 aliorum
1304 3001 1681 3083 martyrum
1729 3033 1816 3041 —
1862 3001 2020 3082 post
2066 2999 2210 3064 dies
2256 3021 2394 3064 non
2443 3002 2700 3066 multos
2759 3023 2908 3087 per-

682 3088 1011 3152 ductumu
1042 3091 1147 3152 est
1178 3089 1266 3152 ad
1298 3087 1761 3171 supradictam
1793 3086 2054 3164 urbem,
2088 3109 2262 3171 quae
2295 3088 2548 3154 dicitur
2578 3090 2906 3169 TreehtV,

680 3177 912 3260 ibique
998 3177 1351 3241 conditum
1431 3196 1511 3240 ac
1586 3175 1937 3259 sepultum
1956 3175 1998 3254 ²,
2077 3177 2296 3242 donec
2371 3199 2413 3241 a
2487 3179 2908 3262 Magontiaw

681 3265 1040 3350 relegiosi¹
1079 3269 1151 3330 et
1195 3265 1432 3330 fideles
1476 3265 1551 3328 in
1582 3264 1882 3329 Domino
1926 3265 2196 3342 fratreS,
2246 3287 2287 3330 a
2331 3265 2538 3332 Lullo
2584 3269 2908 3353 episcopo
2949 3295 3016 3334 ao

682 3372 1068 3420 successore
1126 3354 1403 3438 quidem
1463 3354 1670 3418 huius
1730 3353 1954 3418 sancti
2016 3354 2402 3437 pontificisy
2454 3359 2527 3421 et
2585 3358 2910 3442 martyris

682 3443 941 3508 Christi
972 3443 1216 3508 directi
1247 3443 1541 3526 navigio,
1568 3443 1657 3506 ad
1687 3443 2203 3526 perducendum
2236 3443 2424 3508 beati
2454 3445 2582 3509 viri
2613 3447 2910 3510 cadaver

681 3534 769 3597 ad
816 3533 1324 3609 monasterium,
1373 3532 1555 3615 quod
1603 3552 1683 3596 eo
1730 3532 2001 3596 vivente
2049 3534 2522 3597 construxerat
2576 3538 2662 3599 et·
2707 3553 2906 3600 secus

890 3724 928 3764 1.
975 3724 1081 3772 Gap.
1100 3725 1142 3763 8.
1199 3725 1239 3763 1.
1268 3723 1338 3762 202.
1358 3723 1399 3761 b.
1418 3734 1455 3762 c.
1483 3721 1526 3762 3.
1554 3722 1597 3762 4.

680 3796 723 3844 a)
751 3795 881 3834 caete
908 3796 949 3834 1.
1084 3795 1131 3842 b)
1167 3795 1230 3832 ita
1258 3795 1305 3844 13
1342 3790 1519 3844 i(y)dol.
1549 3793 1647 3832 rell.
1769 3794 1810 3839 c)
1847 3793 2150 3842 interempti&
2177 3795 2409 3843 suporxr.)
2437 3794 2565 3833 exitii
2594 3796 2668 3842 (m.
2693 3795 2756 3835 al.
2782 3806 2904 3835 corr.
2945 3799 3012 3839 36

681 3848 844 3940 gam„
871 3847 949 3950 44>
1020 3845 1069 3938 ἓ)
1090 3849 1160 3938 :21⁶
1176 3847 1312 3939 affe
1330 3848 1557 3938 ἑξ”·..’ἔ“’)ὶ
1584 3847 1639 3938 ''1’'
1668 3847 2019 3948 οοωρῶηἲιῗῗ·
2033 3899 2088 3938 ε.
2113 3837 2906 3950 ‹2‘23³5f³5222223515„3:5¹3321

681 3956 727 4004 h)
756 3957 819 3993 ita
837 3965 915 4002 pr.
944 3911 1081 4004 ”313
1112 3954 1343 3993 obviantes
1371 3911 1539 3991 ream
1576 3953 1609 4001 i)
1640 3953 1702 3990 ita
1731 3954 1770 3992 1.
1796 3953 1851 3991 2⁶
1874 3953 1968 4001 (pr.
1997 3955 2095 4002 m.).
2124 3953 2164 3992 b.
2192 3953 2244 4005 43
2271 3927 2415 4002 primo
2443 3954 2506 3994 80.
2533 3955 2562 3993 ³
2587 3959 2628 3993 a
2653 3967 2711 3993 m.
2741 3956 2802 3995 al.
2832 3956 2904 3994 2⁶.

681 4007 732 4060 k)
761 4008 916 4047 christi
942 4006 985 4056 3,
1012 4017 1129 4046 corr.
1219 4007 1250 4056 1)
1280 4006 1466 4056 impetui
1491 4005 1537 4055 3;
1571 4007 1784 4055 impetum
1811 4008 1891 4053 (m.
1921 4006 1982 4046 al.
2009 4016 2128 4046 corr.
2157 4006 2345 4055 impetui
2373 4009 2448 4055 2a)
2473 4007 2543 4046 ea.
2573 4007 2615 4047 b.
2709 4012 2770 4057 m)
2799 4019 2906 4058 sup-

680 4061 908 4112 pellectull
936 4060 1004 4110 2a,
1032 4071 1146 4100 corr.
1256 4061 1301 4108 n)
1341 4059 1698 4108 superstitiosum
1724 4058 1766 4108 3,
1794 4070 1909 4099 corr.
2031 4060 2074 4108 ο)
2114 4057 2380 4108 redimi-unt,
2413 4071 2503 4099 rae.
2533 4058 2564 4100 d
2594 4063 2632 4100 1.
2743 4067 2788 4110 p)
2825 4072 2905 4101 ae·
2943 4066 3006 4104 40

682 4115 797 4155 terni
825 4116 865 4163 1,
895 4123 1012 4153 corr.
1148 4113 1193 4162 q)
1236 4110 1491 4152 devitarent
1515 4111 1543 4152 3
1578 4116 1618 4150 et
1655 4125 1712 4152 m.
1744 4113 1802 4151 al.
1832 4113 1902 4152 2a.
2037 4115 2078 4160 r)
2118 4115 2181 4152 ita
2209 4115 2248 4152 1.
2279 4113 2333 4152 211
2357 4115 2450 4162 (pr.
2481 4116 2588 4162 m.),·
2623 4114 2803 4154 antistis
2831 4116 2906 4164 20,-

680 4168 893 4208 antistitis
921 4167 1019 4207 roll.
1126 4168 1163 4216 s)
1200 4167 1263 4204 ita
1290 4168 1329 4204 1.
1360 4166 1414 4204 Sa
1440 4168 1531 4214 (pr.
1561 4169 1644 4214 m.)
1652 4179 1668 4212 ,·
1695 4169 1988 4214 susceperunt
2014 4165 2111 4204 rell.
2221 4167 2254 4215 t)
2288 4165 2523 4206 Aelmerae
2548 4166 2599 4214 33
2629 4166 2810 4207 Elmere
2837 4168 2903 4208 2⁶.

680 4223 725 4270 u)
757 4227 825 4261 est
841 4233 925 4260 om-
946 4220 993 4271 ὃς
1022 4217 1238 4268 perducta
1264 4223 1371 4259 sunt
1396 4217 1455 4258 ad
1473 4220 1696 4266 —ibique
1715 4219 1896 4258 condita
1912 4229 1966 4257 ac
1985 4219 2159 4268 sepulta
2183 4218 2225 4261 4.
2302 4221 2351 4266 v)
2379 4220 2546 4260 Trchct
2562 4221 2613 4271 ὃς
2642 4221 2811 4261 'Prehet
2829 4222 2906 4270 20,-

680 4276 822 4314 Treht
839 4275 906 4314 22³.
988 4276 1049 4318 w)
1067 4274 1129 4312 ita
1146 4273 1209 4312 20.
1225 4273 1265 4312 3.
1280 4273 1309 4312 4
1326 4277 1365 4312 et
1382 4283 1441 4312 m.
1460 4273 1521 4312 al.
1541 4272 1621 4322 2a,·
1649 4272 1880 4322 Magoncia
1896 4273 1938 4311 1.
1951 4271 2032 4320 2b,·
2058 4272 2288 4321 Magantia
2298 4284 2376 4321 pr.
2397 4283 2454 4312 m.
2476 4274 2545 4313 2⁸.
2627 4276 2674 4321 x)
2691 4275 2756 4312 ita
2775 4276 2814 4314 1.
2831 4275 2903 4314 2⁰.

680 4328 728 4380 y)
754 4328 883 4378 potii.
912 4327 953 4368 8.
2941 4331 3006 4372 4⁶

683 4487 737 4553 1)
782 4487 864 4550 cf.
901 4501 1074 4552 supra
1110 4501 1170 4553 p.
1205 4486 1294 4552 47,
1339 4500 1394 4539 n.
1435 4485 1482 4539 1.
1629 4485 1684 4552 2)
1733 4484 1816 4549 cr.
1867 4483 1926 4538 V.
1965 4484 2177 4537 sturmi
2208 4500 2249 4552 q.
2291 4487 2358 4541 15
2396 4484 2519 4550 (ss,
2561 4485 2636 4549 H,
2673 4488 2826 4552 372).
