3167 5192
695 526 763 580 96
859 522 1051 577 VITA
1086 520 1409 592 QUARTA
1443 520 1848 575 BONIFATII
1885 519 2242 576 AUCTORE
2279 519 2759 578 MOGUNTINO.
2851 548 2858 552 ·

954 700 1075 788 (4).
1169 705 1289 769 De
1351 705 2021 769 constructione
2082 704 2665 788 episcopatus.

909 830 997 893 In
1057 830 1297 894 diebus
1352 830 1562 893 etiam
1620 828 1762 892 illis
1823 828 2210 893 errantibus
2271 828 2624 912 preposuit
2683 828 2932 892 ovibus

693 922 999 1003 pastores
1033 922 1103 982 et
1134 917 1516 1002 pullulanti
1545 917 1791 981 messia
1829 918 2174 1000 operarios
2213 917 2497 981 inmisit.
2574 917 2933 1001 Siquidem

693 1008 1009 1092 inprimis
1056 1008 1291 1081 divisit
1339 1000 1463 1071 deb
1503 1006 1998 1090 Reganesburg
2044 1010 2115 1070 et
2146 1006 2601 1089 Augustburg
2646 1009 2718 1071 et
2752 1005 2932 1070 Salz·

696 1097 872 1180 burg
891 1095 916 1134 1
944 1095 1315 1180 Nordgewi
1346 1098 1417 1159 et
1450 1094 1758 1160 Salafeld
1778 1095 1804 1133 2
1833 1099 1904 1159 et
1935 1094 2267 1159 adunavit
2297 1116 2513 1158 unum
2544 1095 2932 1159 membrum
2971 1116 3006 1156 5

696 1186 1023 1267 ecclesiae
1070 1187 1141 1250 et
1187 1183 1646 1268 episcopalem
1692 1184 1924 1248 sedem
1969 1183 2066 1247 ibi
2115 1184 2555 1261 constituit0;
2617 1178 2924 1247 ibidemd

702 1273 1181 1338 Willibaldum
1249 1273 1714 1338 venerabilem
1787 1273 2010 1335 virum
2087 1273 2432 1337 ordinavit
2508 1272 2930 1356 episcopum,

694 1363 845 1427 loco
906 1366 1135 1427 autem
1205 1382 1457 1428 nomen
1524 1364 1606 1424 ut
1673 1365 1878 1425 antea
1940 1361 2186 1425 habuit
2246 1361 2512 1425 Eistat⁰
2573 1361 2929 1445 imposuit.

696 1444 1224 1534 Burghardumf
1286 1454 1519 1515 autem
1575 1451 1794 1514 virum
1860 1449 2286 1533 probabilem
2347 1451 2438 1513 ad
2493 1450 2926 1533 Wirziburgg

696 1541 1068 1605 destinavit
1134 1540 1498 1642 ipsumqeg
1554 1538 1652 1604 ibi
1723 1540 2118 1622 episcopum
2187 1539 2550 1603 ordinavit.
2659 1536 2930 1617 Quibus
2971 1560 3030 1599 ιο

693 1629 1097 1694 terribiliter
1157 1649 1279 1692 suo
1350 1628 1596 1692 baculo
1657 1648 1814 1692 oves
1875 1648 2032 1692 suas
2093 1628 2594 1702 conmendavit,
2656 1628 2927 1691 dicens:

698 1718 848 1782 ‘Per
891 1717 1089 1781 illum
1138 1718 1446 1782 omnium
1492 1737 1901 1799 connssgunem
1949 1716 2175 1781 Deum
2219 1736 2338 1781 vos
2385 1716 2712 1794 obtestor,
2769 1736 2929 1798 qua-

693 1809 883 1871 tinus
927 1810 1199 1870 tantam
1249 1806 1683 1890 diligentiam
1731 1826 1934 1869 curae
1981 1806 2208 1889 gregis
2255 1805 2456 1868 istius
2485 1805 2927 1888 impendati8‚

694 1899 1029 1979 quantum
1076 1895 1300 1959 oneris
1346 1914 1466 1958 vos
1513 1894 1703 1958 scitis
1736 1894 2042 1977 adeptOS,
2079 1898 2149 1959 et
2180 1898 2517 1978 quantum
2550 1913 2676 1978 ego
2709 1913 2928 1976 usque

447 1972 766 2074 anfi-'f'ssssin
813 2004 1089 2069 presens
1136 1984 1505 2067 inpendam
1553 1986 1623 2047 et
1669 1983 2029 2066 impendar
2074 2004 2196 2066 pro
2245 1981 2602 2047 animabus
2647 1982 2926 2047 eorum’.
2969 2004 3023 2043 ιε

699 2193 819 2281 (5).
902 2198 1018 2261 De
1064 2217 1155 2260 eo
1203 2197 1427 2279 quod
1476 2216 1623 2280 per
1669 2195 1973 2259 alitem
2013 2189 2472 2260 Dominush
2518 2196 2595 2260 ei
2641 2195 2927 2259 cibum

1523 2285 2094 2349 ministravit.

911 2408 1221 2489 Quodam
1284 2412 1517 2474 autem
1562 2412 1871 2493 tempore
1933 2409 2368 2493 supradictus
2426 2410 2531 2472 vir
2577 2408 2728 2487 Dei,
2791 2409 2928 2473 iter

697 2500 959 2563 faciens
1006 2500 1089 2563 de
1138 2498 1419 2563 civitate
1465 2491 1863 2582 Moguntiai
1882 2549 1896 2575 ,
1945 2498 2020 2561 in
2066 2497 2505 2562 orientalium
2551 2499 2721 2561 fines
2781 2517 2927 2580 pre·

698 2588 992 2653 dicando
1047 2591 1117 2652 et
1176 2588 1587 2671 baptizando
1649 2586 1992 2671 pervenit,
2054 2587 2478 2669 tendensque
2539 2586 2628 2649 ad
2685 2586 2925 2649 Turin-
2965 2608 3020 2647 ιο

697 2671 963 2762 geamk,
1011 2677 1276 2741 invenit
1323 2676 1834 2740 amenissimum
1867 2696 2183 2759 campum
2219 2696 2489 2739 necnon
2520 2678 2590 2739 et
2621 2674 2926 2740 flumen3

694 2766 991 2831 iocundo
1024 2766 1217 2830 alveo
1250 2766 1636 2843 decurrenS,
1660 2764 1894 2848 ibique
1925 2764 2075 2828 fixis
2106 2764 2424 2828 tentoriis
2447 2763 2920 2847 pernoctabat.

698 2855 952 2919 Eadem
1025 2847 1313 2938 quippe¹
1384 2856 1587 2918 nocte
1656 2853 1776 2916 lux
1836 2854 1920 2917 de
1981 2853 2170 2917 caelo
2231 2852 2706 2917 habitaculum
2776 2853 2922 2917 eius

699 2943 1158 3008 circumfulsit
1202 2946 1273 3006 et
1320 2942 1633 3026 angelica
1677 2942 2071 3006 visitatione
2105 2946 2175 3006 et
2213 2941 2633 3006 allocutione
2661 2940 2918 3009 ibidem

697 3033 962 3117 perfrui
1015 3032 1295 3108 meruit;
1360 3032 1543 3114 quod
1605 3051 1688 3095 ex
1749 3051 1826 3095 eo
1889 3025 2130 3093 etiam¹
2193 3030 2413 3095 conici
2473 3031 2696 3106 datur,
2762 3030 2923 3112 quia
2962 3050 3018 3089 25

699 3125 771 3185 et
828 3121 1056 3185 locum
1126 3124 1196 3184 et
1256 3120 1613 3201 ecclesiam
1680 3120 1754 3183 in
1823 3120 2080 3184 honore
2149 3121 2372 3183 sancti
2439 3118 2718 3201 angelim
2775 3118 2922 3183 illic

701 3210 1063 3274 dedicavit.
1183 3209 1390 3273 Mane
1468 3212 1736 3289 autem¹
1777 3208 1999 3285 facto,
2088 3210 2331 3272 missae
2409 3207 2922 3290 sollempnitate

699 3301 997 3381 peracta,
1047 3298 1371 3382 precepit,
1421 3297 1554 3361 sibi
1600 3318 1902 3361 mensam
1951 3298 2204 3381 apponi
2252 3317 2608 3380 escamque
2642 3296 2920 3361 deferri.

700 3388 991 3452 Dicente
1039 3407 1200 3470 ergo
1248 3387 1580 3463 ministro,
1622 3406 1755 3469 quo
1801 3384 1921 3450 ille
1953 3389 2358 3463 vesceretur,
2393 3406 2465 3450 se
2495 3406 2636 3449 non
2665 3384 2923 3449 habere

699 3476 948 3552 cibum,
1010 3476 1396 3559 respondit:
1462 3475 1729 3539 ‘Nonne
1790 3475 1908 3557 qui
1967 3473 2488 3539 multitudinem
2547 3472 2789 3557 populi
2845 3474 2925 3537 in
2963 3494 3017 3534 ιο

468 3552 679 3653 εῇἷξῗὲἔζ
700 3566 970 3630 deserto
1017 3565 1475 3647 quadraginta
1521 3564 1718 3627 annis
1765 3570 2016 3627 inanna
2055 3563 2138 3627 de
2172 3563 2359 3627 caelo
2409 3564 2652 3626 missan
2693 3562 2924 3645 potuit

912 3774 965 3812 V.
1022 3774 1156 3823 capp.
1186 3774 1225 3817 4.
1250 3774 1294 3813 5.
1351 3775 1390 3813 1.
1420 3774 1460 3812 2.

697 3862 742 3912 a)
777 3872 893 3901 corr.
925 3866 970 3899 ut
998 3862 1165 3900 videtur·
1190 3872 1213 3900 ε
1240 3872 1385 3901 messe
1413 3864 1451 3903 1.
1617 3861 1662 3911 b)
1701 3858 1758 3900 de
1785 3862 2132 3908 Regenesburch
2163 3865 2208 3899 et
2236 3860 2532 3907 Augusburch
2565 3866 2610 3899 et
2646 3870 2703 3899 ex
2741 3859 2840 3898 aliis
2879 3864 2925 3897 et

696 3915 830 3959 adun.
872 3917 922 3964 23
969 3912 1123 3955 divisit
1162 3916 1384 3962 Norgowe
1424 3920 1471 3954 et
1512 3915 1731 3955 Sualefelt
1771 3912 1828 3954 de
1870 3914 2013 3954 tribus
2053 3914 2314 3963 episcopiis,
2361 3914 2648 3961 Regensburc
2693 3910 2921 3961 videlicet,

698 3968 957 4016 Ougesburc
985 3973 1033 4007 et
1059 3967 1271 4007 Salzbure
1298 3969 1349 4007 F.
1462 3966 1505 4019 c)
1531 3968 1728 4007 instituit
1753 3968 1794 4007 2.
1907 3965 1954 4016 d)
1982 3978 2068 4015 que
2095 3968 2197 4009 add.
2224 3968 2264 4009 2.
2378 3967 2420 4018 e)
2448 3978 2562 4005 corr.
2591 3976 2646 4003 ex
2673 3965 2852 4005 Ehistat
2882 3967 2922 4016 1,
2961 3967 3014 4008 35

699 4026 737 4060 et
763 4022 829 4060 ita
857 4022 933 4073 1*;
960 4021 1136 4061 Eistete
1164 4022 1215 4060 F.
1344 4022 1377 4072 t)
1406 4018 1718 4061 Burchardum
1747 4022 1792 4070 2ς
1821 4019 2132 4060 Burckardum
2157 4021 2210 4059 F.
2335 4021 2377 4072 g)
2413 4022 2475 4059 ita
2503 4019 2581 4065 1*;
2607 4019 2845 4066 virziburg
2873 4020 2923 4069 13

699 4075 949 4115 wirziburc
982 4075 1049 4121 13·
1082 4074 1386 4115 werzeburch
1424 4076 1463 4117 2.
1623 4075 1672 4123 h)
1713 4074 1898 4113 domnus
1940 4076 1978 4117 2.
2137 4073 2172 4124 i)
2214 4074 2440 4123 Mogontia
2479 4074 2517 4114 2.
2677 4072 2724 4123 k)
2761 4072 2924 4111 'rurin-

699 4130 817 4177 giam
854 4130 902 4179 23
941 4128 1231 4175 'thuringiam
1266 4130 1315 4171 F.
1453 4126 1485 4179 1)
1524 4139 1607 4170 om.
1643 4130 1683 4170 2.
1816 4130 1878 4175 m)
1917 4127 2257 4167 Michahelis
2294 4126 2558 4177 archangeli
2593 4126 2644 4169 F.
2779 4125 2825 4175 n)
2861 4126 2926 4163 ita

702 4182 830 4230 1.,1*.
862 4184 910 4231 23
940 4183 1071 4221 misso
1099 4182 1150 4225 F.

705 4361 756 4425 1)
777 4362 1039 4413 Dioeceeaesss
1062 4360 1483 4425 Salisburyensis
1506 4358 1638 4423 sines
1661 4358 2040 4411 Eichstetenses
2061 4361 2275 4411 minime
2297 4361 2562 4423 attiyerat.
2687 4354 2742 4424 2)
2767 4356 2925 4407 Circa
2959 4371 3014 4409 40

701 4432 949 4483 Altmic'hl
981 4434 1037 4497 fl.
1074 4446 1244 4499 supra
1282 4430 1562 4484 Eichstdtt.
1705 4428 1760 4498 3)
1799 4426 1901 4481 cui
1935 4446 2136 4481 nomen
2173 4432 2254 4481 est
2290 4426 2474 4480 Oraha
2510 4426 2725 4493 addens,
2769 4425 2924 4478 otloh

703 4502 751 4568 I,
788 4505 873 4569 24,
913 4504 975 4553 de
1014 4502 1271 4567 Ohrdruf
1295 4503 1612 4553 monasterio
1646 4502 1904 4567 coyitavit.
