3167 5192
510 515 755 571 VITAE
790 514 1197 570 BONIFATII
1232 514 1593 571 AUCTORE
1630 514 1938 570 OTLOHO
1973 513 2210 570 LIBER
2232 514 2280 571 Ι.
2416 520 2518 573 139

271 707 601 765 amiciciae
653 706 871 783 federa
930 723 961 761 r
982 722 1017 762 e
1040 723 1085 762 n
1109 721 1146 762 o
1170 723 1212 761 v
1235 722 1273 762 a
1296 723 1341 762 n
1364 708 1393 762 t
1416 722 1451 762 e
1476 723 1505 761 s
1534 747 1548 773 ‚
1621 721 1656 761 o
1680 722 1746 761 m
1772 723 1815 761 n
1838 722 1873 762 e
1897 722 1963 761 m
2021 704 2461 763 familiaritati
2485 724 2514 762 s

272 796 681 871 gratiam
711 838 725 864 ,
818 811 1032 869 quam
1124 794 1204 851 ab
1286 798 1684 852 antecessore
1762 810 1877 851 suo
1967 794 2513 863 habuisset,

272 902 309 942 e
336 902 377 941 x
399 903 442 959 p
466 902 500 942 e
523 889 554 942 t
577 901 612 942 e
636 903 668 940 r
689 901 724 941 e
748 902 793 941 n
816 888 844 941 ‘c
944 899 980 940 o
1004 901 1071 940 m
1095 902 1139 939 n
1164 900 1199 941 e
1222 901 1289 939 m
1312 900 1353 958 q
1376 901 1420 940 u
1444 900 1479 940 e
1582 883 2038 940 subiectionem
2135 884 2515 957 apostolicae

272 974 414 1031 sedi
483 973 897 1031 debitam
956 990 995 1029 a
1064 988 1155 1029 se
1214 972 1938 1046 promitterent,
2001 966 2514 1032 conversionem

198 1080 231 1119 5
272 1077 547 1139 quoque
578 1056 1032 1140 plurimorum
1056 1055 1130 1118 in
1153 1053 1525 1119 Germania
1548 1054 2018 1119 habitantium
2049 1054 2454 1119 intimarent
2469 1055 2512 1117 1.

269 1152 779 1226 Postquam
870 1166 1085 1207 vero
1175 1150 1479 1225 legati
1572 1148 2162 1225 supradictia
2246 1150 2514 1207 Romam

269 1242 682 1298 venientes
706 1282 720 1309 ,
798 1238 1266 1296 venerabili
1340 1254 1555 1313 papae
1632 1238 1837 1296 talia
1922 1238 2510 1307 denuntiabant,

271 1330 495 1387 statim
543 1330 711 1385 Deo
758 1329 1127 1403 gratias
1181 1328 1548 1386 retulit.
1643 1327 1978 1384 Deinde
2025 1343 2189 1384 non
2236 1328 2513 1385 solum

270 1436 309 1475 o
336 1437 402 1475 m
425 1437 469 1474 n
493 1418 516 1474 i
537 1435 576 1475 a
641 1417 1089 1474 familiaritatis
1151 1419 1215 1473 et
1272 1416 1594 1473 amiciciae
1653 1416 1742 1473 iu
1766 1435 1795 1472 r
1817 1402 1895 1473 ab
1952 1433 1991 1473 a
2051 1420 2270 1474 sancto
2330 1416 2512 1473 Boni-

166 1524 231 1563 ιο
269 1506 431 1564 satio
498 1506 995 1581 postulata
1062 1505 1503 1581 promisit,
1574 1505 1732 1562 sed
1803 1505 2083 1562 etiam
2153 1503 2272 1563 ew²
2336 1520 2511 1582 quae

270 1590 557 1654 minime
589 1589 813 1673 petiit,
849 1588 923 1652 id
971 1584 1119 1653 est(l
1156 1594 1729 1669 archiepiscopatus
1775 1593 1928 1669 palli
1947 1612 1991 1651 u
2010 1612 2075 1650 m
2095 1637 2108 1662 ,
2158 1594 2343 1651 dire
2363 1595 2508 1651 xit.

488 1673 641 1762 (27).
730 1677 1115 1762 Epistolam
1162 1680 1472 1760 quoque⁰
1530 1677 2000 1741 continentem
2051 1677 2338 1754 diversa,
2387 1697 2510 1760 pro

270 1767 524 1849 quibus
570 1768 1040 1849 interrogatus
1070 1767 1324 1841 fuerat,
1360 1765 1620 1849 presuli
1651 1768 1890 1830 sancto
1922 1766 2266 1843 remisit03
2316 1766 2510 1829 cuius

269 1856 623 1941 exemplar
670 1857 783 1920 hic
832 1856 1328 1938 subsequenter
1373 1856 1718 1919 inseretur
1735 1848 1784 1889 f·
1805 1855 1846 1915 2.

2546 686 2779 779 Wlligald.

2604 750 2640 779 ο.
2692 770 2705 783 .

169 2057 227 2096 15
267 2036 1042 2097 REVERENTISSIMO
1095 2036 1216 2095 ET
1258 2035 1822 2096 SANCTISSIMO
1882 2035 2222 2095 FRATRI
2272 2037 2510 2096 BONI·
2532 2055 2670 2105 Epist.
2693 2055 2758 2095 28.

267 2127 537 2186 FATIO
582 2124 1125 2195 GOEPISC'OPO,
1158 2125 1278 2184 AD
1317 2125 2113 2185 INLUMINATIONEM
2149 2125 2508 2185 GENTISS'

273 2214 798 2275 GERMANIAE
825 2214 989 2273 VEL
1024 2212 1701 2291 GIRGUMQUAQUE
1725 2214 1831 2273 IN
1856 2214 2154 2273 UMBRA
2184 2214 2518 2274 MORTIS

266 2302 844 2363 MORANTIBUS
891 2302 1346 2374 GENTIBUS,
1390 2303 1496 2361 IN
1534 2303 1902 2362 ERRORE
1931 2301 2511 2374 CONSTITUTI&

267 2394 389 2451 AB
448 2392 625 2452 HAG
679 2391 1211 2451 APOSTOLIGA
1271 2390 1502 2450 SEDE
1541 2391 1949 2461 DIREOTQ
2015 2391 2517 2451 GREGORIUS

168 2502 227 2541 20
834 2481 996 2540 SER
1007 2469 1200 2541 VUS'h
1255 2480 1417 2540 SER
1428 2481 1730 2540 VORUM
1775 2480 1954 2539 DEI.

485 2588 708 2664 Mayna
751 2607 854 2647 nos
911 2588 1111 2647 habuit
1167 2588 1502 2662 gratulatio,
1564 2588 1722 2646 lectis
1780 2588 2174 2647 sanctissimae
2233 2588 2508 2658 fraterni-

269 2678 411 2737 tatis
458 2684 587 2737 tuae
632 2678 838 2748 literis,
886 2696 1011 2735 cum
1054 2678 1119 2735 in
1148 2678 1249 2747 eis,
1280 2677 1491 2735 relecta
1519 2676 1686 2746 serie,
1721 2677 1925 2747 fuisset
1953 2680 2260 2751 repertum,
2293 2676 2512 2735 domini

265 2766 456 2826 nostri
501 2766 635 2825 Iesu
683 2765 903 2826 Christi
946 2766 1145 2841 qratia
1178 2766 1471 2840 plurimos
1516 2770 1568 2824 te
1613 2784 1652 2824 a
1694 2765 2010 2840 yentilitate
2068 2769 2123 2823 et
2179 2783 2377 2823 errore
2433 2765 2511 2824 ad

266 2875 439 2915 verae
482 2855 619 2927 fidei
664 2856 1010 2930 aynitionem
1056 2854 1431 2927 convertisse;
1476 2854 1644 2929 quod,
1692 2840 1864 2928 quiai
1909 2853 2112 2912 divina
2153 2853 2512 2913 institutione

168 2962 227 3002 25
266 2944 535 3003 docemur
577 2945 643 3003 in
689 2944 1016 3017 parabolis,
1077 2944 1169 3003 cui
1212 2944 1458 3019 quinque
1517 2943 1734 3003 talenta
1790 2942 2011 3003 credita
2070 2944 2327 3013 fuerant,
2387 2943 2512 3003 alia

266 3034 517 3107 quinque
592 3034 774 3104 fuisse
848 3034 1133 3092 lucratum
1146 3080 1166 3103 ,
1242 3033 1307 3091 in
1375 3032 1514 3091 talis
1580 3032 1904 3091 commercii
1970 3031 2128 3091 lucro
2197 3050 2324 3091 cum
2391 3036 2512 3091 tota

256 3122 605 3197 plaudemus
648 3122 899 3198 ecclesia.
977 3122 1137 3181 Hinc
1180 3122 1309 3181 iure
1353 3121 1460 3181 tibi
1503 3122 1662 3181 sacri
1695 3122 1878 3195 pallii
1922 3121 2247 3180 direximus
2285 3139 2509 3191 munuS,

269 3211 421 3286 quod
481 3211 630 3269 beati
688 3210 856 3269 Petri
915 3210 1160 3285 apostoli
1217 3210 1559 3270 auctoritate
1616 3209 1929 3285 suscipiens
1984 3209 2282 3279 induaris,
2345 3214 2512 3285 atque

265 3301 423 3358 inter
480 3299 934 3374 archiepiscopos
999 3317 1145 3358 unus
1202 3298 1328 3358 Deo
1387 3305 1619 3359 auctore
1670 3299 2028 3373 precipimus
2085 3303 2150 3357 ut
2208 3299 2507 3357 censearis.

169 3408 227 3448 30
272 3387 540 3465 Qualiter
607 3407 697 3447 au
715 3393 776 3447 te
790 3407 848 3447 m
906 3406 967 3447 eo
1026 3388 1245 3458 utariS,
1314 3406 1388 3447 ex
1444 3388 1716 3447 mandato
1780 3387 2089 3462 apostolico
2155 3387 2511 3458 informatus

266 3495 502 3553 coynosc
516 3497 561 3536 e.
655 3476 754 3536 Ita
768 3496 855 3553 qu
870 3496 899 3535 e
956 3477 1093 3535 dum
1136 3477 1447 3536 missarum
1489 3476 1786 3536 sollemnia
1829 3476 1985 3552 yeris
2040 3476 2130 3535 vel
2187 3476 2510 3550 episcopum

267 3572 321 3626 te
367 3566 669 3640 contigerit
713 3584 1061 3636 consecrare,
1104 3566 1207 3625 illo
1255 3554 1684 3625 tantummodok
1737 3570 1984 3638 tempore
2027 3583 2089 3623 eo
2133 3565 2342 3623 utaris,

492 3654 644 3731 Quia
704 3674 833 3714 vero
896 3655 1095 3714 turbas
1155 3653 1399 3714 Domini
1456 3655 1656 3730 qratia
1712 3654 1776 3712 in
1835 3654 2043 3713 eisdem
2099 3653 2374 3727 partibus
2432 3653 2510 3712 ad

267 3750 483 3804 rectam
528 3742 697 3814 fidem
740 3744 1041 3803 asseruisti
1085 3732 1413 3803 conversos¹
1472 3743 1550 3802 id
1563 3762 1592 3803 e
1605 3762 1638 3802 o
1653 3761 1688 3817 q
1701 3761 1741 3801 u
1754 3761 1784 3801 e
1841 3742 2075 3817 nequire
2121 3746 2172 3801 te
2216 3760 2510 3802 occurrere

169 3852 227 3892 35
265 3833 529 3892 omnibus
574 3833 689 3891 ea¹¹¹
735 3851 878 3908 quae
921 3833 1128 3891 salutis
1171 3836 1305 3891 sunt
1347 3832 1654 3905 inpendere
1698 3837 1800 3891 aut
1851 3832 2144 3901 intimare,
2205 3848 2332 3890 cum
2387 3830 2509 3890 iam

266 3923 429 3997 lonye
474 3921 692 3996 lateque
734 3922 933 3997 qratia
982 3920 1203 3981 Christi
1260 3921 1381 3979 eius
1437 3920 1579 3992 fides
1637 3921 1701 3979 in
1759 3921 1883 3979 illis
1929 3920 2246 3995 partibusn
2288 3938 2506 3994 propa-

482 4108 587 4148 VII.
646 4108 783 4156 capp.
809 4107 877 4146 26.
907 4108 975 4147 27.
1042 4108 1082 4147 1.
1112 4107 1287 4151 malac.

265 4196 310 4248 a)
340 4197 405 4235 ita
431 4196 509 4247 (1).
540 4196 590 4245 ὃς
620 4206 703 4235 om.
735 4196 831 4235 rell.
969 4195 1015 4247 b)
1044 4206 1159 4236 corr.
1189 4206 1281 4235 una
1308 4196 1377 4238 2b.
1509 4197 1550 4244 c)
1590 4206 1674 4235 om.
1703 4195 1787 4243 2a,·
1812 4205 2030 4244 supet-ser.
2061 4194 2122 4235 20.
2261 4194 2308 4241 d)
2335 4190 2410 4232 ide
2437 4194 2504 4233 2a.

266 4252 308 4299 e)
339 4259 519 4298 quoque
539 4270 589 4278 -
609 4248 780 4287 remisit
807 4249 853 4286 in
880 4259 1020 4297 mara.
1042 4250 1182 4298 suppl.
1212 4252 1250 4288 1.
1360 4249 1396 4297 1)
1423 4249 1637 4289 inseritur
1653 4249 1707 4299 (ἲ)
1736 4259 1848 4291 corr.
1875 4250 2075 4289 insertur
2101 4248 2167 4289 2b.
2279 4248 2321 4296 g)
2351 4258 2434 4285 om.
2467 4248 2506 4285 1.

170 4303 227 4341 40
264 4304 313 4353 h)
345 4314 430 4343 om.
453 4304 524 4342 2ο.
634 4302 667 4353 i)
695 4302 913 4350 Quodque
942 4300 1033 4345 div.
1061 4303 1127 4345 20.
1233 4302 1280 4353 k)
1309 4302 1355 4341 in
1383 4313 1471 4344 ras.
1497 4303 1567 4342 2b.
1677 4302 1710 4353 l)
1739 4302 1802 4341 ita
1827 4304 1952 4342 codd.
2061 4304 2124 4351 m)
2141 4302 2204 4339 ita
2223 4303 2271 4352 13
2303 4312 2387 4340 om.
2408 4300 2505 4341 rell.

265 4358 312 4406 n)
344 4357 408 4395 ita
436 4356 512 4407 (1).
544 4356 594 4405 3;
624 4366 707 4396 om.
739 4355 835 4396 rell.

266 4500 317 4567 1)
361 4500 447 4563 Cf.
487 4499 647 4562 infra
686 4500 719 4553 ι.
753 4501 839 4554 23.
986 4499 1040 4564 2)
1081 4497 1240 4563 Jaffe‘
1269 4515 1323 4550 n.
1355 4499 1426 4553 28
1462 4506 1539 4565 (p.
1579 4500 1708 4563 91)‚·
1744 4497 2022 4549 namma,-
2057 4514 2111 4553 n.
2146 4500 2214 4551 28
2253 4498 2326 4564 (p.
2360 4499 2508 4554 278).
