3167 5192
631 502 802 558 XXX
847 556 854 563 ,
1523 500 1983 560 PRAEFATIO.

640 690 784 766 183,
855 705 1014 750 saec.
1080 684 1152 749 X
1167 686 1238 765 V,
1308 708 1352 750 a
1412 684 1684 750 Nicolao
1750 684 1991 750 Oreller
2035 684 2311 765 plebano
2370 680 2447 747 in
2503 681 2881 747 Patscblcau

633 796 697 839 a.
729 779 918 838 1475.
952 780 1172 857 empt0,
1207 773 1433 838 deinde
1463 772 1866 838 bibliothecae
1896 772 2189 838 ecclesiae
2217 768 2486 837 maioris
2518 770 2877 852 Nissensis,

633 862 750 927 vol.
806 862 868 943 I,
937 860 1051 941 fol.
1109 866 1458 927 263--265
1522 859 1682 942 (inc.
1745 862 2003 927 Beatus
2072 861 2473 925 Bonifaeius
2534 860 2741 924 claris
2800 862 2881 923 in

635 951 970 1037 Brytania
1015 951 1366 1015 natalibus
1412 954 1626 1028 ortua,
1674 950 1800 1015 des.
1834 951 2093 1015 honore
2139 950 2377 1014 debito
2406 944 2877 1032 sepelierunt).

848 1057 940 1121 At
983 1054 1137 1138 iam,
1185 1055 1471 1137 epitomis
1513 1054 1752 1120 relictis
1770 1056 1811 1137 ¹,
1859 1057 1949 1120 ad
1991 1054 2230 1121 codices
2268 1056 2601 1120 redeamus
2629 1075 2879 1119 necesse
2917 1075 2945 1115 6

633 1151 742 1226 est,
790 1166 823 1209 e
866 1144 1093 1227 quibus
1138 1151 1340 1209 textus
1356 1143 1788 1226 primiyenius
1816 1150 2098 1209 eruatur.
2186 1142 2311 1224 Qui
2350 1141 2423 1207 in
2452 1143 2616 1207 duas
2652 1148 2879 1223 partes

636 1232 981 1313 discedunt,
1037 1254 1070 1298 e
1114 1232 1342 1315 quibus
1385 1232 1655 1298 alteram
1700 1234 1891 1298 codex
1941 1239 1973 1296 1
2037 1230 2541 1313 antiquissimus,
2602 1231 2769 1295 alter
2767 1250 2875 1294 am

635 1321 868 1403 reliqui
937 1284 1090 1386 libri
1156 1320 1474 1421 efficiunt,
1552 1323 1632 1386 ab
1702 1322 1900 1385 altero
1968 1319 2311 1403 exemplari
2381 1314 2489 1402 (b)
2559 1318 2874 1400 oriyinem

636 1409 946 1476 ducentes.
1032 1410 1214 1491 Quod
1257 1430 1334 1474 εει)
1377 1409 1517 1491 ipso
1553 1408 1735 1473 titulo
1781 1430 1829 1474 c.
1868 1415 1927 1471 5.
1976 1408 2263 1491 coynosci
2308 1406 2485 1473 licet:
2532 1406 2868 1487 Qualiter,

637 1500 969 1565 defuneto
1001 1499 1254 1564 abbate
1301 1520 1443 1576 sue,
1494 1519 1649 1562 cum
1681 1498 2018 1563 fratribus
2052 1496 2559 1583 aliquantulum
2593 1500 2870 1580 tempus
2914 1518 2968 1556 ιο

635 1593 1095 1653 commoratus
1143 1592 1248 1653 est
1293 1592 1363 1652 et
1410 1591 1653 1670 postea
1698 1587 1787 1651 ad
1818 1587 2106 1652 Romam
2139 1622 2224 1630 —
2257 1619 2345 1628 —-
2376 1586 2711 1669 pervenit,
2758 1583 2873 1648 ubi

631 1678 823 1741 verba
869 1676 1186 1757 Qualiter
1214 1711 1302 1720 -—
1331 1675 1686 1753 fratribuS,
1735 1695 1895 1757 quae
1940 1695 2079 1740 cum
2123 1672 2385 1756 reliquis
2416 1672 2869 1755 praescriptio-

634 1764 823 1829 nibus
881 1764 1259 1829 conveniunt
1273 1766 1299 1805 ²
1349 1784 1546 1845 neque
1602 1762 1818 1827 minus
1875 1764 1966 1829 ad
2012 1762 2387 1828 sententiam
2456 1761 2871 1843 sumendam

632 1851 1068 1933 requiruntur,
1115 1852 1189 1916 in
1234 1853 1363 1917 solo
1407 1851 1570 1917 libro
1624 1858 1655 1915 1
1707 1852 2016 1934 leyuntur,
2063 1850 2175 1917 ubi
2217 1872 2465 1917 versum
2500 1870 2700 1915 unum
2730 1849 2869 1929 effl-

635 1938 827 2004 ciunt.
923 1940 1340 2005 Statuendum
1380 1940 1585 2023 iyitur
1630 1939 1876 2006 videtur
1920 1962 2069 2019 esse,
2130 1940 2322 2005 verba
2365 1938 2483 2003 illa
2542 1937 2735 2003 etiam
2792 1937 2867 2002 in
2910 1961 2964 2000 15

633 2026 839 2092 codice
885 2025 1014 2109 (a),
1061 2030 1153 2093 ad
1193 2048 1373 2109 quem
1417 2048 1630 2093 omnes
1673 2028 1785 2110 qui
1828 2034 2165 2111 supersunt
2207 2025 2359 2091 libri
2387 2029 2666 2107 redeunt,
2699 2026 2868 2090 idem

632 2115 911 2198 spatium
942 2137 1294 2200 occupasse,
1341 2116 1437 2180 ita
1480 2122 1552 2179 ut
1595 2116 1906 2181 librarius
1950 2115 2329 2198 exemplaris
2374 2116 2409 2180 b
2454 2114 2530 2179 in
2561 2114 2865 2180 transcri-

632 2204 829 2268 bendo
873 2205 1133 2269 eundem
1179 2224 1428 2269 versum
1472 2204 1865 2286 neyleyenter
1880 2203 2403 2287 praetermiserit,
2437 2223 2617 2285 quem
2654 2212 2685 2269 1
2722 2202 2863 2267 dili-

625 2292 876 2374 yentius
949 2313 1027 2357 ex
1101 2292 1263 2358 libro
1336 2314 1380 2356 a
1446 2292 1827 2375 descriptum
1902 2293 2193 2358 servavit.
2306 2293 2516 2375 Atque
2590 2291 2865 2373 reliquos

629 2379 868 2445 codices
910 2401 1122 2445 omnes
1166 2400 1244 2445 ex
1286 2402 1415 2446 uno
1458 2381 1633 2461 fonte
1679 2382 1715 2446 b
1762 2384 2059 2464 pendere,
2121 2403 2154 2447 e
2198 2381 2377 2446 titulo
2423 2402 2475 2446 c.
2526 2386 2586 2446 8.
2636 2382 2862 2460 confir-
2901 2404 2962 2443 20

629 2473 858 2549 matur,
906 2488 1086 2550 quem
1131 2470 1300 2535 solus
1351 2476 1382 2533 1
1435 2470 1565 2536 loco
1612 2490 1889 2553 conyruo
1934 2469 2191 2552 exhibet,
2238 2468 2471 2552 reliqui
2514 2468 2861 2551 inconyrue

506 2588 510 2592 -
630 2557 721 2622 ad
777 2577 827 2622 c.
879 2563 937 2622 6.
1001 2558 1395 2637 rettulerunt,
1455 2560 1606 2624 dum
1666 2558 1865 2644 capiti
1924 2565 2136 2624 octavo
2183 2558 2335 2624 libri
2382 2564 2483 2623 2a.
2520 2558 2576 2621 b.
2610 2578 2643 2623 c
2673 2577 2862 2638 prae-

626 2645 1030 2727 scriptionem
1061 2647 1323 2729 nullam,
1359 2654 1419 2711 3.
1453 2652 1515 2710 4.
1551 2654 1656 2711 4a.
1684 2669 1732 2713 c.
1761 2650 1839 2713 οἳ.
1877 2653 1979 2711 5α.
2006 2649 2063 2712 b.
2090 2648 2153 2712 θ’
2181 2667 2411 2712 novam
2439 2650 2857 2728 praeponunt.

629 2735 851 2817 Neque
895 2734 1015 2800 alii
1045 2735 1164 2801 loci
1194 2736 1434 2819 desunt,
1468 2736 1693 2818 quibus
1722 2738 1939 2801 eadem
1968 2734 2137 2800 ratio
2154 2736 2460 2816 probetur
2470 2756 2497 2816 ,·
2526 2734 2610 2814 cf.
2643 2755 2694 2800 e.
2723 2753 2822 2815 qr.
2843 2754 2865 2797 .·

739 2864 784 2906 c.
822 2846 880 2904 5.
943 2849 1206 2905 Danielo
1252 2849 1370 2906 Dei
1415 2849 1615 2923 plebis
1662 2840 2072 2922 speculatore]
2118 2847 2208 2907 ita
2258 2847 2325 2917 1;
2374 2848 2450 2906 D.
2500 2866 2593 2923 sp.
2627 2848 2711 2923 pl.
2746 2846 2862 2904 Dei
2897 2863 2961 2903 85

1051 2936 1219 3008 rell.;
1286 2938 1366 3006 cf.
1435 2936 1907 3009 subscriptionem
1973 2934 2245 2995 Danielis
2313 2935 2529 3002 (Birclt
2542 2982 2562 3006 ‚
2636 2933 2858 2995 Gartul.

1052 3021 1271 3083 Saxon.
1319 3022 1377 3093 I,
1423 3037 1487 3081 n.
1544 3023 1737 3090 170).·
1782 3026 2008 3083 Daniel
2053 3026 2196 3083 Dei
2254 3025 2522 3100 plebis
2582 3024 2860 3083 famulus

1055 3116 1120 3170 et
1167 3113 1674 3187 speculator3
2922 3110 2926 3114 ’

739 3218 785 3257 c.
821 3198 882 3255 6.
943 3202 1262 3259 consentit
1306 3204 1372 3259 et
1415 3228 1503 3237 -
1548 3194 1901 3275 imperavit]
1948 3201 2037 3260 ita
2083 3200 2151 3270 13
2201 3202 2523 3259 consensit
2565 3200 2730 3273 rell.;
2776 3203 2856 3271 cf.

1049 3288 1126 3348 ib.
1174 3290 1378 3360 infra.-
1423 3291 1742 3348 consentit
1786 3290 1981 3347 etiam
2023 3291 2091 3346 et
2134 3290 2473 3347 oboedivit.
2898 3305 2961 3347 ao

625 3369 778 3435 Duo
843 3368 1045 3452 iyitur
1104 3370 1493 3453 exemplaria
1561 3372 1651 3436 ad
1716 3370 2007 3438 lectiones
2069 3370 2385 3451 yenuinas
2450 3370 2864 3453 indayandas

619 3464 876 3539 praesto
919 3465 1084 3540 sunt,
1145 3460 1413 3524 alterum
1469 3459 1607 3543 ipse
1662 3461 1854 3525 codex
1904 3466 1959 3541 1,
2020 3459 2290 3525 alterum
2338 3454 2447 3543 (b)
2509 3480 2543 3524 e
2598 3458 2865 3541 reliquis

624 3545 812 3611 libris
855 3549 1219 3613 eruendum.

839 3652 929 3716 In
984 3652 1352 3718 universum
1411 3660 1620 3719 autem
1664 3653 1893 3719 eximio
1939 3653 2139 3720 codici
2188 3660 2221 3719 1
2272 3653 2493 3737 potior
2534 3654 2696 3735 fides
2754 3654 2863 3718 ad-

625 3737 900 3839 hibenda
945 3746 1052 3823 est,
1099 3741 1174 3806 id
1213 3744 1382 3824 quod
1421 3742 1498 3807 in
1543 3743 1729 3807 rebus
1770 3740 2210 3825 yrammaticis
2255 3748 2315 3806 et
2348 3741 2864 3842 ‘orthoyraphicis
2902 3763 2957 3805 aa

611 3826 866 3909 passim
910 3836 1192 3911 apparet,
1253 3852 1392 3896 cum
1444 3839 1474 3895 1
1526 3836 1587 3895 et
1630 3832 1665 3896 b
1711 3830 1785 3895 in
1841 3831 2027 3896 rebus
2067 3829 2476 3913 yravioribus
2532 3830 2711 3895 haud
2764 3830 2863 3895 ita

624 3936 806 3999 saepe
849 3915 1022 3982 inter
1065 3938 1130 3982 se
1175 3916 1609 4000 dissenserint,
1656 3920 1769 3985 sed
1796 3920 2185 4002 plerumque,
2235 3918 2553 3986 codicibus
2597 3918 2863 3985 alterius

626 4106 679 4177 1)
721 4106 910 4161 Nescio
957 4110 1112 4161 ouius
1154 4108 1306 4161 Vitae
1341 4109 1617 4175 Bonifatii
1660 4113 1917 4176 epitomen
1951 4110 2223 4163 Iohannes
2260 4110 2668 4163 Gielemans
2702 4123 2861 4161 cano-

623 4180 780 4231 nicus
828 4178 1040 4231 Rubeae
1082 4179 1261 4232 Vallis
1308 4182 1624 4232 monasterii
1677 4181 1737 4247 (†
1776 4182 1937 4249 1487)
1991 4180 2317 4248 Sanctiloqio
2366 4196 2461 4233 suo
2509 4179 2645 4249 (iam
2696 4180 2959 4301 σοάἰοὲω

635 4248 1026 4303 Vindobonensi
1057 4249 1389 4303 bibliothecae
1419 4252 1593 4319 imper
1594 4253 1765 4302 atori's
1793 4254 2045 4319 privatae
2078 4269 2133 4303 n.
2159 4253 2363 4311 9397a)
2399 4252 2491 4316 fol.
2517 4253 2627 4307 205
2630 4248 2859 4306 ”.-207

623 4321 949 4386 inseruerim
984 4322 1054 4385 cf.
1095 4322 1352 4373 Analecta
1391 4321 1642 4376 Bolland.
1682 4320 1845 4387 XIV,
1880 4324 1969 4378 20.
2112 4324 2167 4390 2)
2202 4323 2287 4388 Cf.
2325 4321 2508 4374 titulos
2540 4338 2584 4377 o.
2626 4325 2673 4377 1.
2713 4261 2959 4390 Qua·40

623 4388 749 4441 liter
785 4390 842 4443 in
877 4390 1107 4445 infantia
1141 4399 1251 4458 eet„
1287 4408 1328 4447 c.
1355 4394 1404 4446 2.
1445 4390 1696 4460 Qualiter
1734 4391 2137 4446 adolescentiae
2171 4400 2280 4459 oet„
2318 4408 2359 4447 c.
2386 4395 2436 4448 8.
2476 4391 2725 4461 Qualiter
2759 4408 2862 4460 per

624 4475 844 4513 omnem
882 4470 970 4518 cet.
