3167 5192
445 500 685 559 VITAE
722 499 1126 556 BONIFATII
1162 499 1523 557 AUCTORE
1560 499 1866 557 O'I'LOHO
1903 498 2139 556 LIBER
2174 499 2222 558 Ι.
2348 504 2453 559 147

188 708 525 767 aqyreyare
568 691 837 765 diynatus
880 694 984 759 est,
1042 688 1141 749 sed
1191 695 1245 748 et
1287 689 1354 748 in
1396 688 1870 764 Bayoarioruma
1913 689 2244 763 provincia,
2307 708 2451 764 quac
2469 706 2610 757 spese.
2623 707 2700 749 45.

191 798 239 837 a
306 784 363 839 te
421 785 555 839 acta
608 784 761 849 sunt,
822 783 1199 853 aynoscentes,
1258 778 1455 837 datori
1513 766 1804 837 muniumb
1868 778 2160 848 bonorum,
2219 778 2450 839 domino

193 866 335 927 Deo
392 868 657 939 nostr00,
718 868 967 927 extensis
1010 866 1089 925 ad
1146 868 1364 926 caelum
1420 886 1479 926 m
1493 885 1532 926 a
1546 867 1788 937 nibus,
1845 867 2071 942 qratias
2126 868 2448 939 retulimus,

196 958 307 1030 qui
352 958 593 1017 ianuam
636 956 1065 1017 misericordiae
1108 945 1202 1014 et‘¹
1244 955 1489 1029 pietatis
1546 956 1612 1014 in
1653 955 1778 1015 illis
1826 955 2102 1030 partibus
2143 955 2451 1031 Hesperiis

124 1064 155 1103 5
196 1046 283 1105 ad
330 1046 773 1147 coynoscendam
814 1045 973 1104 viam
1016 1044 1224 1105 salutis
1266 1045 1499 1118 aperuit
1541 1048 1596 1104 et
1639 1044 1801 1103 misit
1845 1044 2105 1119 angelum
2133 1062 2318 1117 suum,
2349 1045 2450 1120 qui

184 1135 555 1209 preparavit
597 1136 756 1193 viam
801 1139 961 1193 tuam
1004 1138 1135 1193 ante
1178 1138 1249 1193 te.

426 1223 641 1299 Iyitur,
671 1212 811 1299 quia
838 1222 1133 1293 indicasti,
1168 1222 1501 1296 perrexisse
1531 1226 1585 1281 te
1615 1221 1694 1280 ad
1721 1227 1937 1297 yentem
1964 1221 2439 1297 Bayoarioruma

196 1316 259 1371 et
304 1312 591 1372 invenisse
632 1330 725 1372 eos
769 1316 941 1371 extra
998 1311 1255 1371 ordinem
1315 1311 1754 1413 ecclesiasticum
1809 1311 2078 1383 viventes,
2136 1311 2274 1370 dum
2331 1312 2446 1386 cpi-

195 1418 407 1475 scopos
451 1420 565 1461 non
608 1401 888 1461 habebant
944 1400 1009 1459 in
1056 1399 1371 1474 provincia
1427 1400 1545 1459 nisi
1602 1418 1779 1459 unum
1845 1400 2072 1459 nomine
2123 1399 2446 1487 Vivilum⁰‚

101 1509 157 1546 ιο
198 1508 373 1563 quem
416 1508 520 1549 nos
553 1508 602 1564 p
616 1491 790 1549 aulo
836 1494 969 1550 ante
1011 1489 1427 1559 ordinavimus,
1474 1493 1527 1547 et
1568 1489 1708 1563 quia
1753 1506 1879 1547 cum
1923 1507 2155 1549 assensu
2197 1489 2447 1549 Otilonis

198 1579 372 1638 ducis
438 1579 742 1638 eorundem
797 1577 1271 1698 Baqoarioruma
1324 1596 1421 1637 seu
1487 1578 1826 1653 optimatum
1882 1578 2224 1652 provinciae
2282 1578 2446 1639 illius

199 1672 326 1727 tres
371 1668 520 1727 alios
578 1655 944 1727 ordinassesf
996 1667 1285 1741 episcopos
1344 1672 1399 1726 et
1440 1666 1507 1725 in
1550 1672 1800 1741 quatuor
1832 1671 2038 1741 partes
2079 1668 2250 1725 illam
2297 1667 2444 1726 divi·

196 1756 425 1827 sistis,
469 1756 535 1815 id
577 1743 702 1817 esth
739 1760 985 1831 quatuor
1018 1756 1388 1830 parrochias,
1433 1759 1498 1814 ut
1542 1756 1924 1831 unusquisque
1959 1755 2254 1831 episcopus
2280 1773 2446 1815 suam

198 1846 415 1906 habeat
462 1833 875 1920 parrochiam¹
892 1891 913 1917 ,
981 1845 1113 1903 bene
1168 1849 1222 1903 et
1280 1845 1427 1905 satis
1482 1845 1805 1919 pmcdenter
1860 1845 2160 1919 pereyisti,
2230 1846 2444 1916 frater,

104 1953 159 1991 ιο
200 1934 480 2008 quoniam
524 1934 897 2008 apostolicam
929 1933 1351 2008 preceptionem
1395 1951 1470 1992 eoe
1512 1938 1716 1993 nostra
1758 1934 1880 1993 vice
1905 1934 2160 2007 implesti
2189 1938 2262 2005 et,
2297 1934 2445 1993 sicut

200 2023 318 2081 tibi
351 2023 735 2097 precepimus,
788 2012 921 2083 itak
972 2022 1155 2097 eyisti.
1248 2021 1453 2097 Itaque
1497 2041 1610 2081 non
1656 2022 1904 2088 desinas,
1951 2024 2146 2093 frater
2188 2040 2443 2081 reveren·

201 2112 447 2182 tissime,
492 2112 715 2171 docere
772 2129 863 2170 eos
906 2116 1165 2170 sanctam
1222 2111 1561 2171 catholicam
1618 2116 1673 2170 et
1731 2111 2102 2185 apostolicam
2145 2110 2447 2171 Romanae

198 2200 359 2259 sedis
404 2200 795 2271 traditionem,
838 2205 904 2259 ut
946 2200 1361 2259 inluminentur
1404 2200 1577 2259 rudes
1621 2204 1675 2258 et
1717 2200 1875 2259 viam
1933 2200 2142 2258 salutis
2199 2203 2444 2272 teneant,

188 2307 313 2363 per
357 2308 529 2364 quam
562 2290 792 2364 possint
835 2289 915 2348 ad
958 2294 1193 2348 aeterna
1233 2288 1461 2363 premia
1494 2289 1820 2363 pervenire.

104 2404 163 2443 20
420 2386 781 2446 Presbiteros
822 2404 978 2457 vero,
1024 2404 1163 2461 quos
1204 2386 1415 2445 ibidem
1458 2386 1752 2460 reperisti,
1797 2386 1851 2445 si
1895 2386 2172 2460 incoyniti
2218 2387 2444 2457 fuerint

199 2476 327 2534 viri
370 2475 485 2546 illi,
546 2494 584 2535 a
635 2476 837 2550 quibus
892 2476 960 2535 si
972 2480 1037 2535 nt
1051 2464 1072 2507 ¹
1130 2474 1409 2545 ordinati,
1468 2480 1523 2534 et
1566 2474 1800 2559 dubium
1843 2480 1946 2545 est,
2005 2492 2098 2535 eos
2153 2475 2444 2551 episcopos

203 2565 412 2635 fuisse,
458 2565 557 2639 qui
601 2582 693 2623 eos
750 2564 1184 2635 ordinaverunt,
1241 2564 1296 2623 si
1355 2564 1531 2623 bonae
1589 2564 1832 2623 actionis
1887 2568 1942 2623 et
2000 2564 2266 2625 catholici
2321 2565 2442 2625 viri

200 2658 338 2712 sunt
382 2654 501 2728 ipsi
545 2652 861 2727 presbiteri
904 2658 958 2713 et
1008 2653 1073 2713 in
1117 2653 1439 2712 ministerio
1488 2651 1709 2712 Christi
1754 2653 2013 2727 omnique
2069 2653 2187 2727 leye
2239 2658 2442 2713 sancta

202 2742 453 2813 educati,
498 2743 570 2801 ab
614 2743 874 2817 episcopo
917 2760 1019 2801 suo
1065 2742 1499 2801 benedictionem
1544 2742 1968 2815 presbiteratus
2010 2742 2330 2816 suscipiant
2387 2748 2441 2801 et

103 2848 163 2888 π
200 2836 601 2891 consecrentur
642 2836 697 2890 et
740 2832 827 2890 sic
868 2831 1187 2890 ministerio
1232 2847 1398 2889 sacro
1444 2831 1784 2904 funyantur.

419 2928 532 2988 Illi
572 2947 726 2999 vero,
764 2929 863 3003 qui
894 2928 1171 3003 baptizati
1200 2932 1333 2987 sunt
1366 2946 1481 3001 per
1508 2927 1901 2987 diversitatem
1929 2933 1984 2987 et
2011 2928 2442 2988 declinationem

202 3018 537 3093 linquarum
592 3018 951 3093 yentilitatis,
1004 3017 1070 3076 si
1126 3022 1317 3076 tamen
1374 3017 1438 3075 in
1496 3017 1722 3075 nomine
1779 3022 2088 3076 sanctae
2155 3017 2442 3077 trinitatis
2553 3094 2556 3099 Ι

203 3106 486 3180 baptizati
546 3111 698 3176 sunt,
758 3110 979 3180 oportet
1044 3106 1185 3165 eos¹¹f²
1232 3124 1348 3180 per
1412 3123 1618 3165 manus
1681 3106 2102 3179 impositionem
2167 3111 2221 3165 et
2285 3106 2443 3166 sacri

201 3195 497 3255 crismatis
540 3194 894 3267 confirmari.

103 3301 167 3342 ιο
419 3283 577 3343 Nam
631 3283 893 3343 Vivilus‘²
945 3283 1240 3357 episcopus
1297 3301 1336 3342 a
1397 3283 1561 3342 nobis
1615 3288 1702 3341 est
1759 3283 2078 3343 ordinatus.
2183 3282 2332 3341 Hic
2387 3284 2442 3341 si

203 3372 433 3448 aliquid
493 3373 714 3432 excedit
778 3377 949 3431 extra
1008 3372 1340 3431 canonicam
1394 3372 1674 3447 reyulam,
1734 3371 1868 3431 doce
1924 3376 1979 3430 et
2037 3372 2260 3446 corriqe
2315 3388 2441 3430 eum

200 3462 377 3521 iuxta
434 3460 733 3521 Romanae
788 3460 1051 3548 ecclesiae
1108 3461 1478 3520 traditionem
1491 3506 1511 3531 ,
1580 3478 1752 3534 quam
1819 3478 1858 3519 a
1923 3460 2084 3519 nobis
2151 3459 2436 3533 accepisti.

203 3548 299 3609 De
343 3551 579 3610 concilio
624 3567 779 3620 vero,
824 3555 889 3608 ut
932 3550 1103 3609 iuoeta
1145 3550 1343 3624 ripam
1371 3548 1638 3609 Danubii
1681 3548 1881 3609 debeas
1923 3548 2206 3627 celebrare
2239 3553 2442 3607 nostra

200 3640 345 3710 vice,
386 3640 739 3714 precipimus
784 3637 1152 3710 fraternitati
1198 3642 1328 3697 tuae
1370 3637 1685 3712 apostolica
1715 3637 2056 3697 auctoritate
2099 3637 2190 3697 te⁰
2231 3637 2442 3697 ibidem

103 3740 168 3783 ιο
192 3729 563 3803 presentari;
618 3732 694 3798 et,
752 3728 813 3786 in
826 3727 857 3769 Ρ
924 3732 1199 3802 quantum
1254 3724 1584 3786 Dominus‘l
1645 3726 1750 3785 tibi
1806 3726 1960 3785 vires
2017 3724 2258 3797 dederit,
2306 3744 2440 3800 pre-

203 3816 403 3877 dicare
444 3817 676 3875 verbum
718 3816 927 3876 salutis
970 3834 1083 3875 non
1128 3832 1319 3885 cesses,
1365 3821 1429 3875 ut
1473 3816 1677 3891 reliyio
1723 3815 2044 3874 christiana
2094 3815 2158 3874 in
2217 3815 2442 3874 nomine

201 3903 449 3965 Domini
493 3908 706 3965 crescat
748 3909 803 3964 et
846 3904 1274 3978 multiplicetur.

367 4160 372 4165 .
418 4126 521 4170 vn.
575 4126 680 4175 cap.
706 4124 773 4166 34.
841 4127 883 4171 1.
913 4096 1036 4170 sm.
1052 4137 1089 4171 ο.

203 4234 249 4280 a)
285 4233 349 4271 ita
374 4232 442 4273 80.
462 4233 513 4281 3;
542 4233 723 4273 Βαίου.
751 4231 862 4274 2a.b
887 4244 985 4272 cum
1012 4232 1178 4281 Epi-n..-
1214 4230 1394 4276 Bawar.
1426 4234 1464 4272 1.
1630 4233 1676 4280 b)
1710 4242 1924 4281 superscr.
1952 4234 2016 4276 2ο.
2176 4231 2217 4283 ο)
2255 4242 2338 4275 om.
2370 4230 2438 4271 2⁶.

103 4288 168 4328 4⁰
201 4282 253 4334 d)
290 4292 337 4326 et
363 4286 473 4335 piet.
511 4297 595 4329 om.
622 4288 643 4325 1
673 4287 780 4333 (non
808 4283 885 4335 8).'
1029 4288 1070 4334 e)
1107 4286 1172 4324 tta
1200 4286 1331 4335 2a.b,·
1358 4284 1567 4327 Vivalum
1596 4286 1637 4327 1.
1666 4287 1742 4333 2c,·
1769 4286 1919 4326 vivilo
1951 4285 2089 4334 Epist.
2249 4285 2284 4331 t)
2317 4281 2441 4325 orai-

203 4350 337 4379 nasse
365 4339 433 4379 2b.
570 4339 614 4387 g)
640 4336 843 4379 dividi-ti
871 4339 946 4386 20,-
972 4336 1180 4379 divisoris
1208 4339 1276 4378 2b.
1412 4338 1460 4388 h)
1488 4338 1551 4378 tta
1580 4340 1628 4388 ¹3
1659 4339 1706 4379 in
1735 4339 1838 4381 add.
1864 4339 1960 4380 rell.
2094 4338 2126 4389 i)
2155 4334 2195 4380 ὣ
2222 4337 2337 4385 add„
2364 4337 2440 4376 eod

203 4395 286 4436 del.
315 4395 355 4432 1.
492 4392 541 4442 k)
580 4388 621 4435 ἀ
646 4393 766 4442 add„
791 4393 867 4432 eod
894 4403 1005 4432 eras.
1037 4394 1105 4433 20.
1234 4393 1267 4443 l)
1311 4403 1426 4432 corr.
1456 4402 1478 4431 ο
1504 4398 1611 4433 nunt
1639 4393 1708 4440 2ο,
1747 4394 1786 4430 et
1820 4393 1884 4431 ita
1911 4391 2051 4440 Epist.
2185 4391 2246 4441 m)
2287 4401 2341 4431 οο
2367 4390 2438 4429 21».

204 4446 253 4487 n)
280 4447 345 4485 ita
370 4446 439 4489 Ra.
461 4446 513 4492 b,·
540 4445 727 4486 vivola·
755 4447 795 4485 1.
826 4446 903 4492 20,-
929 4444 1080 4485 vivilo
1107 4444 1245 4495 Epist.
1350 4444 1397 4495 ο)
1426 4456 1508 4489 om.
1538 4447 1574 4488 1.
1681 4445 1729 4497 p)
1758 4454 1842 4488 om.
1866 4445 1926 4489 20.
2033 4442 2080 4494 q)
2106 4444 2171 4483 tta
2198 4445 2267 4485 ia.
2298 4442 2348 4492 ³3
2378 4444 2437 4485 D.

199 4500 327 4540 *vires
355 4500 437 4539 tibi
467 4502 515 4551 13
555 4498 636 4539 tibi
665 4500 722 4542 D.
751 4499 873 4539 vires
900 4498 964 4541 sb.
985 4510 1021 4541 c.

1908 4584 2012 4642 10*
