<?xml version="1.0" encoding="UTF-8"?>
<!DOCTYPE html PUBLIC "-//W3C//DTD XHTML 1.0 Transitional//EN"
    "http://www.w3.org/TR/xhtml1/DTD/xhtml1-transitional.dtd">
<html xmlns="http://www.w3.org/1999/xhtml" xml:lang="en" lang="en">
 <head>
  <title>
</title>
<meta http-equiv="Content-Type" content="text/html;charset=utf-8" />
  <meta name='ocr-system' content='tesseract 3.04.00' />
  <meta name='ocr-capabilities' content='ocr_page ocr_carea ocr_par ocr_line ocrx_word'/>
</head>
<body>
  <div class='ocr_page' id='page_1' title='image "./vitaesanctiboni00mogugoog_0102.png"; bbox 0 0 3167 5192; ppageno 0'>
   <div class='ocr_carea' id='block_1_1' title="bbox 170 1477 229 1514">
    <p class='ocr_par' dir='ltr' id='par_1_1' title="bbox 170 1477 229 1514">
     <span class='ocr_line' id='line_1_1' title="bbox 170 1477 229 1514; baseline 0.034 -2"><span class='ocrx_word' id='word_1_1' title='bbox 170 1477 229 1514; x_wconf 87' lang='lat'>10</span> 
     </span>
    </p>
   </div>
   <div class='ocr_carea' id='block_1_2' title="bbox 168 1916 225 1956">
    <p class='ocr_par' dir='ltr' id='par_1_2' title="bbox 168 1916 225 1956">
     <span class='ocr_line' id='line_1_2' title="bbox 168 1916 225 1956; baseline 0 0"><span class='ocrx_word' id='word_1_2' title='bbox 168 1916 225 1956; x_wconf 82' lang='lat'>15</span> 
     </span>
    </p>
   </div>
   <div class='ocr_carea' id='block_1_3' title="bbox 162 2358 225 2396">
    <p class='ocr_par' dir='ltr' id='par_1_3' title="bbox 162 2358 225 2396">
     <span class='ocr_line' id='line_1_3' title="bbox 162 2358 225 2396; baseline 0 0"><span class='ocrx_word' id='word_1_3' title='bbox 162 2358 225 2396; x_wconf 74' lang='lat'>20</span> 
     </span>
    </p>
   </div>
   <div class='ocr_carea' id='block_1_4' title="bbox 160 2706 224 2745">
    <p class='ocr_par' dir='ltr' id='par_1_4' title="bbox 160 2706 224 2745">
     <span class='ocr_line' id='line_1_4' title="bbox 160 2706 224 2745; baseline 0 0"><span class='ocrx_word' id='word_1_4' title='bbox 160 2706 224 2745; x_wconf 76' lang='lat'>25</span> 
     </span>
    </p>
   </div>
   <div class='ocr_carea' id='block_1_5' title="bbox 170 4493 223 4533">
    <p class='ocr_par' dir='ltr' id='par_1_5' title="bbox 170 4493 223 4533">
     <span class='ocr_line' id='line_1_5' title="bbox 170 4493 223 4533; baseline 0 0"><span class='ocrx_word' id='word_1_5' title='bbox 170 4493 223 4533; x_wconf 74' lang='lat'>50</span> 
     </span>
    </p>
   </div>
   <div class='ocr_carea' id='block_1_6' title="bbox 600 470 2512 530">
    <p class='ocr_par' dir='ltr' id='par_1_6' title="bbox 600 470 2512 530">
     <span class='ocr_line' id='line_1_6' title="bbox 600 470 2512 530; baseline 0.002 -4"><span class='ocrx_word' id='word_1_6' title='bbox 600 472 792 526; x_wconf 85' lang='lat' dir='ltr'>VITA</span> <span class='ocrx_word' id='word_1_7' title='bbox 826 470 1231 527; x_wconf 82' lang='lat' dir='ltr'>BONIFA&#39;I&#39;II</span> <span class='ocrx_word' id='word_1_8' title='bbox 1265 470 1628 527; x_wconf 75' lang='lat' dir='ltr'>AUCTORE</span> <span class='ocrx_word' id='word_1_9' title='bbox 1665 471 2177 527; x_wconf 82' lang='lat' dir='ltr'>WILLIBALDO.</span> <span class='ocrx_word' id='word_1_10' title='bbox 2478 477 2512 530; x_wconf 80' lang='lat'>9</span> 
     </span>
    </p>
   </div>
   <div class='ocr_carea' id='block_1_7' title="bbox 263 654 2512 2423">
    <p class='ocr_par' dir='ltr' id='par_1_7' title="bbox 266 654 2512 827">
     <span class='ocr_line' id='line_1_7' title="bbox 266 654 2512 739; baseline 0 -21"><span class='ocrx_word' id='word_1_11' title='bbox 266 658 471 720; x_wconf 85' lang='lat' dir='ltr'>catus</span> <span class='ocrx_word' id='word_1_12' title='bbox 518 655 823 739; x_wconf 82' lang='lat' dir='ltr'>penuria,</span> <span class='ocrx_word' id='word_1_13' title='bbox 873 675 1025 718; x_wconf 92' lang='lat' dir='ltr'>cum</span> <span class='ocrx_word' id='word_1_14' title='bbox 1078 674 1414 719; x_wconf 87' lang='lat' dir='ltr'>consensu</span> <span class='ocrx_word' id='word_1_15' title='bbox 1460 657 1667 736; x_wconf 89' lang='lat' dir='ltr'>atque</span> <span class='ocrx_word' id='word_1_16' title='bbox 1711 654 1997 719; x_wconf 89' lang='lat' dir='ltr'>consilio</span> <span class='ocrx_word' id='word_1_17' title='bbox 2030 675 2512 720; x_wconf 87' lang='lat' dir='ltr'>conservorum</span> 
     </span>
     <span class='ocr_line' id='line_1_8' title="bbox 266 743 1885 827; baseline -0.001 -21"><span class='ocrx_word' id='word_1_18' title='bbox 266 743 583 808; x_wconf 89' lang='lat' dir='ltr'>fidelium</span> <span class='ocrx_word' id='word_1_19' title='bbox 632 744 982 827; x_wconf 89' lang='lat' dir='ltr'>patrisque</span> <span class='ocrx_word' id='word_1_20' title='bbox 1030 743 1430 808; x_wconf 88' lang='lat' dir='ltr'>monasterii</span> <span class='ocrx_word' id='word_1_21' title='bbox 1475 743 1885 827; x_wconf 88' lang='lat' dir='ltr'>perveniret.</span> 
     </span>
    </p>

    <p class='ocr_par' dir='ltr' id='par_1_8' title="bbox 263 831 2510 2423">
     <span class='ocr_line' id='line_1_9' title="bbox 487 831 2510 916; baseline 0 -20"><span class='ocrx_word' id='word_1_22' title='bbox 487 831 796 914; x_wconf 83' lang='lat' dir='ltr'>Cumque</span> <span class='ocrx_word' id='word_1_23' title='bbox 866 835 1028 896; x_wconf 84' lang='lat' dir='ltr'>voto</span> <span class='ocrx_word' id='word_1_24' title='bbox 1098 831 1302 895; x_wconf 90' lang='lat' dir='ltr'>simul</span> <span class='ocrx_word' id='word_1_25' title='bbox 1372 835 1443 896; x_wconf 89' lang='lat' dir='ltr'>et</span> <span class='ocrx_word' id='word_1_26' title='bbox 1512 835 1743 896; x_wconf 89' lang='lat' dir='ltr'>mente</span> <span class='ocrx_word' id='word_1_27' title='bbox 1813 833 2308 916; x_wconf 88' lang='lat' dir='ltr'>omnipotentis</span> <span class='ocrx_word' id='word_1_28' title='bbox 2377 833 2510 896; x_wconf 91' lang='lat' dir='ltr'>sibi</span> 
     </span>
     <span class='ocr_line' id='line_1_10' title="bbox 266 914 2509 1003; baseline 0 -19"><span class='ocrx_word' id='word_1_29' title='bbox 266 921 510 985; x_wconf 82' lang='lat' dir='ltr'>adesse</span> <span class='ocrx_word' id='word_1_30' title='bbox 556 921 979 985; x_wconf 75' lang='lat' dir='ltr'>incessanter</span> <span class='ocrx_word' id='word_1_31' title='bbox 1024 940 1279 1001; x_wconf 85' lang='lat' dir='ltr'>magna</span> <span class='ocrx_word' id='word_1_32' title='bbox 1338 925 1711 1003; x_wconf 77' lang='lat' dir='ltr'>precuum⁹⁴</span> <span class='ocrx_word' id='word_1_33' title='bbox 1766 914 2316 1003; x_wconf 77' lang='lat' dir='ltr'>perseverantiab</span> <span class='ocrx_word' id='word_1_34' title='bbox 2373 922 2509 985; x_wconf 82' lang='lat' dir='ltr'>suf-</span> 
     </span>
     <span class='ocr_line' id='line_1_11' title="bbox 265 1008 2508 1094; baseline 0.001 -22"><span class='ocrx_word' id='word_1_35' title='bbox 265 1010 614 1093; x_wconf 80' lang='lat' dir='ltr'>fragium0</span> <span class='ocrx_word' id='word_1_36' title='bbox 673 1009 1076 1092; x_wconf 71' lang='lat' dir='ltr'>postularet,</span> <span class='ocrx_word' id='word_1_37' title='bbox 1139 1010 1443 1082; x_wconf 74' lang='lat' dir='ltr'>tandem,</span> <span class='ocrx_word' id='word_1_38' title='bbox 1498 1009 1734 1072; x_wconf 89' lang='lat' dir='ltr'>divina</span> <span class='ocrx_word' id='word_1_39' title='bbox 1781 1008 2070 1073; x_wconf 87' lang='lat' dir='ltr'>caelitus</span> <span class='ocrx_word' id='word_1_40' title='bbox 2126 1011 2508 1094; x_wconf 73' lang='lat' dir='ltr'>inspirante</span> 
     </span>
     <span class='ocr_line' id='line_1_12' title="bbox 266 1098 2508 1181; baseline 0.001 -21"><span class='ocrx_word' id='word_1_41' title='bbox 266 1099 517 1181; x_wconf 87' lang='lat' dir='ltr'>gratia,</span> <span class='ocrx_word' id='word_1_42' title='bbox 567 1098 657 1160; x_wconf 89' lang='lat' dir='ltr'>ad</span> <span class='ocrx_word' id='word_1_43' title='bbox 702 1099 1214 1172; x_wconf 82' lang='lat' dir='ltr'>monasterium,</span> <span class='ocrx_word' id='word_1_44' title='bbox 1264 1099 1449 1180; x_wconf 89' lang='lat' dir='ltr'>quod</span> <span class='ocrx_word' id='word_1_45' title='bbox 1496 1118 1712 1180; x_wconf 85' lang='lat' dir='ltr'>usque</span> <span class='ocrx_word' id='word_1_46' title='bbox 1759 1099 1966 1162; x_wconf 89' lang='lat' dir='ltr'>hodie</span> <span class='ocrx_word' id='word_1_47' title='bbox 2000 1099 2255 1162; x_wconf 88' lang='lat' dir='ltr'>dicitur</span> <span class='ocrx_word' id='word_1_48' title='bbox 2286 1099 2350 1160; x_wconf 92' lang='lat' dir='ltr'>N</span> <span class='ocrx_word' id='word_1_49' title='bbox 2355 1100 2508 1162; x_wconf 89' lang='lat' dir='ltr'>hut-</span> 
     </span>
     <span class='ocr_line' id='line_1_13' title="bbox 266 1181 2497 1270; baseline 0.001 -20"><span class='ocrx_word' id='word_1_50' title='bbox 266 1181 546 1251; x_wconf 69' lang='lat' dir='ltr'>scelled·</span> <span class='ocrx_word' id='word_1_51' title='bbox 566 1186 608 1264; x_wconf 80' lang='lat'>1,</span> <span class='ocrx_word' id='word_1_52' title='bbox 689 1187 1003 1270; x_wconf 86' lang='lat' dir='ltr'>pervenit</span> <span class='ocrx_word' id='word_1_53' title='bbox 1070 1190 1142 1250; x_wconf 89' lang='lat' dir='ltr'>et</span> <span class='ocrx_word' id='word_1_54' title='bbox 1212 1182 1456 1250; x_wconf 83' lang='lat' dir='ltr'>beatae</span> <span class='ocrx_word' id='word_1_55' title='bbox 1524 1187 1893 1250; x_wconf 83' lang='lat' dir='ltr'>memoriae</span> <span class='ocrx_word' id='word_1_56' title='bbox 1957 1187 2497 1270; x_wconf 75' lang='lat' dir='ltr'>Wynberchtes⁰</span> 
     </span>
     <span class='ocr_line' id='line_1_14' title="bbox 266 1268 2507 1358; baseline 0.001 -20"><span class='ocrx_word' id='word_1_57' title='bbox 266 1275 543 1340; x_wconf 87' lang='lat' dir='ltr'>abbatis</span> <span class='ocrx_word' id='word_1_58' title='bbox 564 1276 605 1351; x_wconf 75' lang='lat'>2,</span> <span class='ocrx_word' id='word_1_59' title='bbox 686 1275 804 1358; x_wconf 91' lang='lat' dir='ltr'>qui</span> <span class='ocrx_word' id='word_1_60' title='bbox 880 1273 1369 1340; x_wconf 84' lang='lat' dir='ltr'>venerabiliter</span> <span class='ocrx_word' id='word_1_61' title='bbox 1446 1268 1922 1358; x_wconf 77' lang='lat' dir='ltr'>praedictumf</span> <span class='ocrx_word' id='word_1_62' title='bbox 1999 1275 2124 1339; x_wconf 91' lang='lat' dir='ltr'>sub</span> <span class='ocrx_word' id='word_1_63' title='bbox 2203 1275 2507 1358; x_wconf 88' lang='lat' dir='ltr'>regulari</span> 
     </span>
     <span class='ocr_line' id='line_1_15' title="bbox 266 1363 2506 1447; baseline 0 -19"><span class='ocrx_word' id='word_1_64' title='bbox 266 1364 637 1447; x_wconf 85' lang='lat' dir='ltr'>disciplina</span> <span class='ocrx_word' id='word_1_65' title='bbox 680 1364 967 1446; x_wconf 89' lang='lat' dir='ltr'>regebat</span> <span class='ocrx_word' id='word_1_66' title='bbox 1012 1364 1525 1439; x_wconf 88' lang='lat' dir='ltr'>monasterium,</span> <span class='ocrx_word' id='word_1_67' title='bbox 1574 1363 1874 1447; x_wconf 86' lang='lat' dir='ltr'>spirita-li</span> <span class='ocrx_word' id='word_1_68' title='bbox 1919 1364 2311 1428; x_wconf 84' lang='lat' dir='ltr'>litterarum</span> <span class='ocrx_word' id='word_1_69' title='bbox 2360 1365 2506 1429; x_wconf 87' lang='lat' dir='ltr'>dili-</span> 
     </span>
     <span class='ocr_line' id='line_1_16' title="bbox 264 1452 2502 1536; baseline 0 -19"><span class='ocrx_word' id='word_1_70' title='bbox 264 1454 507 1534; x_wconf 85' lang='lat' dir='ltr'>gentia</span> <span class='ocrx_word' id='word_1_71' title='bbox 552 1456 983 1536; x_wconf 83' lang='lat' dir='ltr'>provocatus,</span> <span class='ocrx_word' id='word_1_72' title='bbox 1033 1452 1245 1535; x_wconf 86' lang='lat' dir='ltr'>elegit</span> <span class='ocrx_word' id='word_1_73' title='bbox 1292 1453 1763 1534; x_wconf 86' lang='lat' dir='ltr'>magisterium</span> <span class='ocrx_word' id='word_1_74' title='bbox 1808 1452 2242 1535; x_wconf 81' lang='lat' dir='ltr'>fratrumque</span> <span class='ocrx_word' id='word_1_75' title='bbox 2275 1473 2502 1517; x_wconf 88' lang='lat' dir='ltr'>secum</span> 
     </span>
     <span class='ocr_line' id='line_1_17' title="bbox 264 1541 2504 1617; baseline 0 -13"><span class='ocrx_word' id='word_1_76' title='bbox 264 1542 339 1604; x_wconf 87' lang='lat' dir='ltr'>in</span> <span class='ocrx_word' id='word_1_77' title='bbox 388 1541 687 1604; x_wconf 88' lang='lat' dir='ltr'>Domino</span> <span class='ocrx_word' id='word_1_78' title='bbox 733 1542 1113 1605; x_wconf 85' lang='lat' dir='ltr'>viventium</span> <span class='ocrx_word' id='word_1_79' title='bbox 1161 1541 1754 1617; x_wconf 72' lang='lat' dir='ltr'>contuberniamg.</span> <span class='ocrx_word' id='word_1_80' title='bbox 1849 1543 1951 1604; x_wconf 88' lang='lat' dir='ltr'>Ac</span> <span class='ocrx_word' id='word_1_81' title='bbox 1999 1541 2094 1604; x_wconf 93' lang='lat' dir='ltr'>sic</span> <span class='ocrx_word' id='word_1_82' title='bbox 2158 1561 2504 1605; x_wconf 86' lang='lat' dir='ltr'>servorum</span> 
     </span>
     <span class='ocr_line' id='line_1_18' title="bbox 265 1629 2502 1707; baseline 0 -15"><span class='ocrx_word' id='word_1_83' title='bbox 265 1630 403 1694; x_wconf 91' lang='lat' dir='ltr'>Dei</span> <span class='ocrx_word' id='word_1_84' title='bbox 452 1631 731 1693; x_wconf 89' lang='lat' dir='ltr'>iunctus</span> <span class='ocrx_word' id='word_1_85' title='bbox 795 1631 1159 1707; x_wconf 88' lang='lat' dir='ltr'>consorti0,</span> <span class='ocrx_word' id='word_1_86' title='bbox 1220 1631 1545 1694; x_wconf 83' lang='lat' dir='ltr'>devotum</span> <span class='ocrx_word' id='word_1_87' title='bbox 1610 1631 1888 1694; x_wconf 89' lang='lat' dir='ltr'>domino</span> <span class='ocrx_word' id='word_1_88' title='bbox 1937 1629 2085 1693; x_wconf 92' lang='lat' dir='ltr'>Deo</span> <span class='ocrx_word' id='word_1_89' title='bbox 2147 1631 2502 1694; x_wconf 83' lang='lat' dir='ltr'>servitium</span> 
     </span>
     <span class='ocr_line' id='line_1_19' title="bbox 266 1718 2503 1802; baseline 0 -20"><span class='ocrx_word' id='word_1_90' title='bbox 266 1722 340 1782; x_wconf 87' lang='lat' dir='ltr'>et</span> <span class='ocrx_word' id='word_1_91' title='bbox 387 1718 800 1782; x_wconf 87' lang='lat' dir='ltr'>laboriosam</span> <span class='ocrx_word' id='word_1_92' title='bbox 848 1719 1241 1802; x_wconf 87' lang='lat' dir='ltr'>vigiliarum</span> <span class='ocrx_word' id='word_1_93' title='bbox 1288 1719 1694 1782; x_wconf 85' lang='lat' dir='ltr'>instantiam</span> <span class='ocrx_word' id='word_1_94' title='bbox 1741 1718 2194 1800; x_wconf 78' lang='lat' dir='ltr'>lectionisque</span> <span class='ocrx_word' id='word_1_95' title='bbox 2229 1719 2503 1784; x_wconf 85' lang='lat' dir='ltr'>divinae</span> 
     </span>
     <span class='ocr_line' id='line_1_20' title="bbox 264 1806 2504 1891; baseline 0 -21"><span class='ocrx_word' id='word_1_96' title='bbox 264 1827 547 1891; x_wconf 87' lang='lat' dir='ltr'>operam</span> <span class='ocrx_word' id='word_1_97' title='bbox 622 1807 895 1889; x_wconf 82' lang='lat' dir='ltr'>ingenti</span> <span class='ocrx_word' id='word_1_98' title='bbox 939 1808 1443 1872; x_wconf 73' lang='lat' dir='ltr'>&#39;meditationis</span> <span class='ocrx_word' id='word_1_99' title='bbox 1481 1807 1745 1870; x_wconf 78' lang='lat' dir='ltr'>studio</span> <span class='ocrx_word' id='word_1_100' title='bbox 1824 1806 2172 1883; x_wconf 85' lang='lat' dir='ltr'>exhibuit,</span> <span class='ocrx_word' id='word_1_101' title='bbox 2251 1807 2355 1870; x_wconf 89' lang='lat' dir='ltr'>ita</span> <span class='ocrx_word' id='word_1_102' title='bbox 2423 1811 2504 1870; x_wconf 89' lang='lat' dir='ltr'>ut</span> 
     </span>
     <span class='ocr_line' id='line_1_21' title="bbox 264 1896 2502 1979; baseline 0 -21"><span class='ocrx_word' id='word_1_103' title='bbox 264 1896 567 1959; x_wconf 87' lang='lat' dir='ltr'>maxima</span> <span class='ocrx_word' id='word_1_104' title='bbox 614 1897 889 1960; x_wconf 86' lang='lat' dir='ltr'>demum</span> <span class='ocrx_word' id='word_1_105' title='bbox 923 1897 1420 1979; x_wconf 88' lang='lat' dir='ltr'>scripturarum</span> <span class='ocrx_word' id='word_1_106' title='bbox 1454 1896 1844 1960; x_wconf 87' lang='lat' dir='ltr'>eruditione</span> <span class='ocrx_word' id='word_1_107' title='bbox 1877 1930 1962 1938; x_wconf 93' lang='lat'><strong>—</strong></span> <span class='ocrx_word' id='word_1_108' title='bbox 1993 1899 2140 1958; x_wconf 90' lang='lat' dir='ltr'>tam</span> <span class='ocrx_word' id='word_1_109' title='bbox 2173 1917 2502 1978; x_wconf 88' lang='lat' dir='ltr'>gramma-</span> 
     </span>
     <span class='ocr_line' id='line_1_22' title="bbox 263 1984 2502 2067; baseline 0 -19"><span class='ocrx_word' id='word_1_110' title='bbox 263 1985 445 2048; x_wconf 88' lang='lat' dir='ltr'>ticae</span> <span class='ocrx_word' id='word_1_111' title='bbox 495 1985 664 2048; x_wconf 90' lang='lat' dir='ltr'>artis</span> <span class='ocrx_word' id='word_1_112' title='bbox 711 1984 1147 2067; x_wconf 82' lang='lat' dir='ltr'>eloquentia3</span> <span class='ocrx_word' id='word_1_113' title='bbox 1193 1989 1264 2049; x_wconf 90' lang='lat' dir='ltr'>et</span> <span class='ocrx_word' id='word_1_114' title='bbox 1310 1988 1688 2048; x_wconf 89' lang='lat' dir='ltr'>metrorum</span> <span class='ocrx_word' id='word_1_115' title='bbox 1719 1984 2102 2048; x_wconf 87' lang='lat' dir='ltr'>medullata</span> <span class='ocrx_word' id='word_1_116' title='bbox 2132 1984 2502 2049; x_wconf 82' lang='lat' dir='ltr'>facundiae</span> 
     </span>
     <span class='ocr_line' id='line_1_23' title="bbox 264 2065 2501 2156; baseline 0 -20"><span class='ocrx_word' id='word_1_117' title='bbox 264 2073 784 2138; x_wconf 76' lang='lat' dir='ltr'>modulatione4</span> <span class='ocrx_word' id='word_1_118' title='bbox 830 2094 1033 2156; x_wconf 90' lang='lat' dir='ltr'>quam</span> <span class='ocrx_word' id='word_1_119' title='bbox 1076 2074 1286 2138; x_wconf 90' lang='lat' dir='ltr'>etiam</span> <span class='ocrx_word' id='word_1_120' title='bbox 1320 2073 1649 2137; x_wconf 88' lang='lat' dir='ltr'>historiae</span> <span class='ocrx_word' id='word_1_121' title='bbox 1697 2065 2036 2156; x_wconf 81' lang='lat' dir='ltr'>simplicih</span> <span class='ocrx_word' id='word_1_122' title='bbox 2077 2074 2501 2156; x_wconf 89' lang='lat' dir='ltr'>expositione</span> 
     </span>
     <span class='ocr_line' id='line_1_24' title="bbox 264 2160 2501 2246; baseline -0 -20"><span class='ocrx_word' id='word_1_123' title='bbox 264 2165 336 2226; x_wconf 91' lang='lat' dir='ltr'>et</span> <span class='ocrx_word' id='word_1_124' title='bbox 382 2162 715 2246; x_wconf 91' lang='lat' dir='ltr'>spiritalis</span> <span class='ocrx_word' id='word_1_125' title='bbox 760 2162 1111 2246; x_wconf 89' lang='lat' dir='ltr'>tripertita</span> <span class='ocrx_word' id='word_1_126' title='bbox 1162 2162 1687 2244; x_wconf 85' lang='lat' dir='ltr'>intellegentiae</span> <span class='ocrx_word' id='word_1_127' title='bbox 1740 2163 2314 2246; x_wconf 84' lang='lat' dir='ltr'>interpretatione</span> <span class='ocrx_word' id='word_1_128' title='bbox 2337 2160 2361 2200; x_wconf 86' lang='lat'>⁵</span> <span class='ocrx_word' id='word_1_129' title='bbox 2404 2163 2501 2225; x_wconf 91' lang='lat' dir='ltr'>in-</span> 
     </span>
     <span class='ocr_line' id='line_1_25' title="bbox 264 2244 2501 2334; baseline 0 -21"><span class='ocrx_word' id='word_1_130' title='bbox 264 2250 477 2314; x_wconf 89' lang='lat' dir='ltr'>butus</span> <span class='ocrx_word' id='word_1_131' title='bbox 554 2285 638 2293; x_wconf 96' lang='lat'>—-</span> <span class='ocrx_word' id='word_1_132' title='bbox 718 2251 1163 2333; x_wconf 88' lang='lat' dir='ltr'>dictandique</span> <span class='ocrx_word' id='word_1_133' title='bbox 1240 2251 1492 2334; x_wconf 88' lang='lat' dir='ltr'>peritia</span> <span class='ocrx_word' id='word_1_134' title='bbox 1559 2250 2012 2314; x_wconf 85' lang='lat' dir='ltr'>laudabiliter</span> <span class='ocrx_word' id='word_1_135' title='bbox 2079 2244 2348 2328; x_wconf 71' lang='lat' dir='ltr'>fulsiti,</span> <span class='ocrx_word' id='word_1_136' title='bbox 2419 2255 2501 2314; x_wconf 85' lang='lat' dir='ltr'>ut</span> 
     </span>
     <span class='ocr_line' id='line_1_26' title="bbox 264 2333 2500 2423; baseline -0.001 -19"><span class='ocrx_word' id='word_1_137' title='bbox 264 2341 477 2404; x_wconf 88' lang='lat' dir='ltr'>etiam</span> <span class='ocrx_word' id='word_1_138' title='bbox 525 2339 679 2402; x_wconf 87' lang='lat' dir='ltr'>aliis</span> <span class='ocrx_word' id='word_1_139' title='bbox 735 2340 1009 2403; x_wconf 86' lang='lat' dir='ltr'>demum</span> <span class='ocrx_word' id='word_1_140' title='bbox 1070 2343 1513 2423; x_wconf 89' lang='lat' dir='ltr'>paternarum</span> <span class='ocrx_word' id='word_1_141' title='bbox 1576 2333 1854 2404; x_wconf 76' lang='lat' dir='ltr'>extititk</span> <span class='ocrx_word' id='word_1_142' title='bbox 1907 2340 2305 2422; x_wconf 85' lang='lat' dir='ltr'>pedagogus</span> <span class='ocrx_word' id='word_1_143' title='bbox 2365 2343 2500 2402; x_wconf 85' lang='lat' dir='ltr'>tra·</span> 
     </span>
    </p>
   </div>
   <div class='ocr_carea' id='block_1_8' title="bbox 480 2475 1165 2525">
    <p class='ocr_par' dir='ltr' id='par_1_9' title="bbox 480 2475 1165 2525">
     <span class='ocr_line' id='line_1_27' title="bbox 480 2475 1165 2525; baseline 0.003 -11"><span class='ocrx_word' id='word_1_144' title='bbox 480 2477 516 2518; x_wconf 86' lang='lat'>1.</span> <span class='ocrx_word' id='word_1_145' title='bbox 562 2475 667 2525; x_wconf 74' lang='lat' dir='ltr'>Gap.</span> <span class='ocrx_word' id='word_1_146' title='bbox 696 2477 735 2518; x_wconf 93' lang='grc'>2.</span> <span class='ocrx_word' id='word_1_147' title='bbox 792 2478 828 2518; x_wconf 91' lang='grc'><strong>1.</strong></span> <span class='ocrx_word' id='word_1_148' title='bbox 856 2476 925 2518; x_wconf 83' lang='lat' dir='ltr'>2a.</span> <span class='ocrx_word' id='word_1_149' title='bbox 941 2477 978 2519; x_wconf 89' lang='lat' dir='ltr'>b.</span> <span class='ocrx_word' id='word_1_150' title='bbox 992 2487 1027 2518; x_wconf 83' lang='lat' dir='ltr'>c.</span> <span class='ocrx_word' id='word_1_151' title='bbox 1054 2477 1095 2516; x_wconf 83' lang='grc'>3.</span> <span class='ocrx_word' id='word_1_152' title='bbox 1123 2477 1165 2516; x_wconf 86' lang='grc'><strong>4.</strong></span> 
     </span>
    </p>
   </div>
   <div class='ocr_carea' id='block_1_9' title="bbox 260 2545 2499 2863">
    <p class='ocr_par' dir='ltr' id='par_1_10' title="bbox 260 2545 2499 2863">
     <span class='ocr_line' id='line_1_28' title="bbox 264 2545 2499 2597; baseline -0 -11"><span class='ocrx_word' id='word_1_153' title='bbox 264 2549 309 2595; x_wconf 75' lang='lat' dir='ltr'>a)</span> <span class='ocrx_word' id='word_1_154' title='bbox 334 2547 399 2584; x_wconf 83' lang='lat' dir='ltr'>ita</span> <span class='ocrx_word' id='word_1_155' title='bbox 419 2557 499 2596; x_wconf 75' lang='lat' dir='ltr'>pr.</span> <span class='ocrx_word' id='word_1_156' title='bbox 521 2559 575 2589; x_wconf 88' lang='lat' dir='ltr'>m.</span> <span class='ocrx_word' id='word_1_157' title='bbox 594 2547 643 2597; x_wconf 83' lang='lat'>13</span> <span class='ocrx_word' id='word_1_158' title='bbox 674 2557 855 2596; x_wconf 85' lang='lat' dir='ltr'>precum</span> <span class='ocrx_word' id='word_1_159' title='bbox 882 2548 979 2588; x_wconf 85' lang='lat' dir='ltr'>rell.</span> <span class='ocrx_word' id='word_1_160' title='bbox 1090 2549 1135 2594; x_wconf 94' lang='lat' dir='ltr'>b)</span> <span class='ocrx_word' id='word_1_161' title='bbox 1163 2557 1295 2586; x_wconf 85' lang='lat' dir='ltr'>sever</span> <span class='ocrx_word' id='word_1_162' title='bbox 1322 2547 1369 2586; x_wconf 81' lang='lat' dir='ltr'>in</span> <span class='ocrx_word' id='word_1_163' title='bbox 1388 2558 1480 2589; x_wconf 78' lang='lat' dir='ltr'>ras.</span> <span class='ocrx_word' id='word_1_164' title='bbox 1505 2547 1545 2589; x_wconf 80' lang='grc'>3.</span> <span class='ocrx_word' id='word_1_165' title='bbox 1653 2549 1693 2594; x_wconf 87' lang='lat' dir='ltr'>c)</span> <span class='ocrx_word' id='word_1_166' title='bbox 1721 2546 1940 2595; x_wconf 80' lang='lat' dir='ltr'>suffragia</span> <span class='ocrx_word' id='word_1_167' title='bbox 1963 2547 2034 2595; x_wconf 81' lang='lat' dir='ltr'>2a,</span> <span class='ocrx_word' id='word_1_168' title='bbox 2053 2557 2166 2586; x_wconf 83' lang='lat' dir='ltr'>corr.</span> <span class='ocrx_word' id='word_1_169' title='bbox 2279 2545 2326 2594; x_wconf 88' lang='lat' dir='ltr'>d)</span> <span class='ocrx_word' id='word_1_170' title='bbox 2355 2546 2499 2586; x_wconf 84' lang='lat' dir='ltr'>Nhut-</span> 
     </span>
     <span class='ocr_line' id='line_1_29' title="bbox 264 2599 2498 2649; baseline -0 -10"><span class='ocrx_word' id='word_1_171' title='bbox 264 2600 413 2648; x_wconf 72' lang='lat' dir='ltr'>scalae</span> <span class='ocrx_word' id='word_1_172' title='bbox 452 2612 505 2642; x_wconf 87' lang='lat' dir='ltr'>m.</span> <span class='ocrx_word' id='word_1_173' title='bbox 535 2601 595 2642; x_wconf 84' lang='lat' dir='ltr'>al.</span> <span class='ocrx_word' id='word_1_174' title='bbox 623 2600 670 2638; x_wconf 80' lang='lat' dir='ltr'>in</span> <span class='ocrx_word' id='word_1_175' title='bbox 704 2602 811 2648; x_wconf 85' lang='lat' dir='ltr'>ras.)</span> <span class='ocrx_word' id='word_1_176' title='bbox 849 2600 928 2648; x_wconf 73' lang='lat' dir='ltr'>2a3</span> <span class='ocrx_word' id='word_1_177' title='bbox 966 2601 1221 2640; x_wconf 85' lang='lat' dir='ltr'>Nutschelle</span> <span class='ocrx_word' id='word_1_178' title='bbox 1258 2601 1319 2642; x_wconf 79' lang='lat'>20.</span> <span class='ocrx_word' id='word_1_179' title='bbox 1482 2599 1525 2649; x_wconf 89' lang='lat' dir='ltr'>e)</span> <span class='ocrx_word' id='word_1_180' title='bbox 1562 2601 1628 2637; x_wconf 82' lang='lat' dir='ltr'>ita</span> <span class='ocrx_word' id='word_1_181' title='bbox 1658 2602 1705 2648; x_wconf 84' lang='lat'>13</span> <span class='ocrx_word' id='word_1_182' title='bbox 1737 2600 2040 2649; x_wconf 82' lang='lat' dir='ltr'>Wynberhtes</span> <span class='ocrx_word' id='word_1_183' title='bbox 2073 2601 2121 2649; x_wconf 83' lang='lat'>3;</span> <span class='ocrx_word' id='word_1_184' title='bbox 2149 2599 2420 2649; x_wconf 87' lang='lat' dir='ltr'>Wynberhti</span> <span class='ocrx_word' id='word_1_185' title='bbox 2446 2600 2498 2649; x_wconf 78' lang='lat'>43</span> 
     </span>
     <span class='ocr_line' id='line_1_30' title="bbox 262 2653 2496 2703; baseline -0.001 -10"><span class='ocrx_word' id='word_1_186' title='bbox 262 2653 521 2693; x_wconf 81' lang='lat' dir='ltr'>winbertes</span> <span class='ocrx_word' id='word_1_187' title='bbox 564 2665 622 2694; x_wconf 86' lang='lat' dir='ltr'>m.</span> <span class='ocrx_word' id='word_1_188' title='bbox 667 2653 724 2696; x_wconf 83' lang='lat' dir='ltr'>az.</span> <span class='ocrx_word' id='word_1_189' title='bbox 766 2665 879 2693; x_wconf 83' lang='lat' dir='ltr'>corr.</span> <span class='ocrx_word' id='word_1_190' title='bbox 913 2654 1140 2693; x_wconf 85' lang='lat' dir='ltr'>Winberti</span> <span class='ocrx_word' id='word_1_191' title='bbox 1180 2654 1250 2696; x_wconf 80' lang='lat' dir='ltr'>2a.</span> <span class='ocrx_word' id='word_1_192' title='bbox 1278 2655 1317 2703; x_wconf 91' lang='lat' dir='ltr'>b,</span> <span class='ocrx_word' id='word_1_193' title='bbox 1360 2656 1399 2692; x_wconf 85' lang='lat' dir='ltr'>et</span> <span class='ocrx_word' id='word_1_194' title='bbox 1439 2654 1503 2690; x_wconf 77' lang='lat' dir='ltr'>ita</span> <span class='ocrx_word' id='word_1_195' title='bbox 1545 2653 1620 2702; x_wconf 79' lang='lat'>203</span> <span class='ocrx_word' id='word_1_196' title='bbox 1662 2653 1939 2692; x_wconf 88' lang='lat' dir='ltr'>Wintberhti</span> <span class='ocrx_word' id='word_1_197' title='bbox 1977 2655 2058 2702; x_wconf 79' lang='lat' dir='ltr'>4a3</span> <span class='ocrx_word' id='word_1_198' title='bbox 2108 2653 2393 2702; x_wconf 78' lang='lat' dir='ltr'>wigberti</span> <span class='ocrx_word' id='word_1_199' title='bbox 2432 2655 2496 2694; x_wconf 78' lang='lat'>40.</span> 
     </span>
     <span class='ocr_line' id='line_1_31' title="bbox 262 2704 2499 2757; baseline -0 -12"><span class='ocrx_word' id='word_1_200' title='bbox 262 2706 297 2756; x_wconf 83' lang='lat' dir='ltr'>f)</span> <span class='ocrx_word' id='word_1_201' title='bbox 338 2704 617 2755; x_wconf 78' lang='lat' dir='ltr'>praedictam</span> <span class='ocrx_word' id='word_1_202' title='bbox 650 2718 727 2756; x_wconf 75' lang='lat' dir='ltr'>pr.</span> <span class='ocrx_word' id='word_1_203' title='bbox 762 2719 819 2750; x_wconf 86' lang='lat' dir='ltr'>m.</span> <span class='ocrx_word' id='word_1_204' title='bbox 856 2707 926 2746; x_wconf 84' lang='grc' dir='ltr'>2α.</span> <span class='ocrx_word' id='word_1_205' title='bbox 1090 2706 1135 2756; x_wconf 81' lang='lat' dir='ltr'>g)</span> <span class='ocrx_word' id='word_1_206' title='bbox 1176 2707 1241 2746; x_wconf 81' lang='lat' dir='ltr'>ita</span> <span class='ocrx_word' id='word_1_207' title='bbox 1285 2710 1333 2757; x_wconf 80' lang='lat'>13</span> <span class='ocrx_word' id='word_1_208' title='bbox 1376 2705 1670 2745; x_wconf 82' lang='lat' dir='ltr'>contubernia</span> <span class='ocrx_word' id='word_1_209' title='bbox 1711 2707 1780 2747; x_wconf 83' lang='grc' dir='ltr'>2α.</span> <span class='ocrx_word' id='word_1_210' title='bbox 1805 2707 1842 2748; x_wconf 90' lang='lat' dir='ltr'>b.</span> <span class='ocrx_word' id='word_1_211' title='bbox 1881 2707 1930 2756; x_wconf 74' lang='lat'>33</span> <span class='ocrx_word' id='word_1_212' title='bbox 1975 2706 2314 2745; x_wconf 85' lang='lat' dir='ltr'>contubernium</span> <span class='ocrx_word' id='word_1_213' title='bbox 2359 2707 2418 2749; x_wconf 75' lang='lat'>20.</span> <span class='ocrx_word' id='word_1_214' title='bbox 2460 2708 2499 2748; x_wconf 83' lang='lat'>4.</span> 
     </span>
     <span class='ocr_line' id='line_1_32' title="bbox 262 2757 2499 2810; baseline 0 -13"><span class='ocrx_word' id='word_1_215' title='bbox 262 2760 308 2806; x_wconf 88' lang='lat' dir='ltr'>h)</span> <span class='ocrx_word' id='word_1_216' title='bbox 336 2759 483 2808; x_wconf 78' lang='lat' dir='ltr'>simpli</span> <span class='ocrx_word' id='word_1_217' title='bbox 502 2771 579 2808; x_wconf 77' lang='lat' dir='ltr'>pr.</span> <span class='ocrx_word' id='word_1_218' title='bbox 607 2771 663 2802; x_wconf 85' lang='lat' dir='ltr'>m.</span> <span class='ocrx_word' id='word_1_219' title='bbox 692 2760 762 2803; x_wconf 81' lang='lat' dir='ltr'>2a.</span> <span class='ocrx_word' id='word_1_220' title='bbox 888 2761 921 2809; x_wconf 80' lang='lat' dir='ltr'>i)</span> <span class='ocrx_word' id='word_1_221' title='bbox 949 2759 1127 2800; x_wconf 74' lang='lat' dir='ltr'>fulserit</span> <span class='ocrx_word' id='word_1_222' title='bbox 1152 2762 1177 2800; x_wconf 83' lang='lat'><strong>3</strong></span> <span class='ocrx_word' id='word_1_223' title='bbox 1206 2764 1245 2799; x_wconf 82' lang='lat' dir='ltr'>et</span> <span class='ocrx_word' id='word_1_224' title='bbox 1273 2771 1329 2802; x_wconf 87' lang='lat' dir='ltr'>m.</span> <span class='ocrx_word' id='word_1_225' title='bbox 1356 2761 1416 2802; x_wconf 82' lang='lat' dir='ltr'>al.</span> <span class='ocrx_word' id='word_1_226' title='bbox 1444 2760 1515 2800; x_wconf 85' lang='grc' dir='ltr'>2α.</span> <span class='ocrx_word' id='word_1_227' title='bbox 1655 2758 1702 2810; x_wconf 81' lang='lat' dir='ltr'>k)</span> <span class='ocrx_word' id='word_1_228' title='bbox 1731 2771 1787 2803; x_wconf 83' lang='lat' dir='ltr'>m,</span> <span class='ocrx_word' id='word_1_229' title='bbox 1817 2759 1876 2800; x_wconf 82' lang='lat' dir='ltr'>al.</span> <span class='ocrx_word' id='word_1_230' title='bbox 1904 2770 2017 2801; x_wconf 85' lang='lat' dir='ltr'>corr.</span> <span class='ocrx_word' id='word_1_231' title='bbox 2046 2757 2275 2799; x_wconf 76' lang='lat' dir='ltr'>exstiterit</span> <span class='ocrx_word' id='word_1_232' title='bbox 2303 2759 2374 2809; x_wconf 82' lang='grc' dir='ltr'>2α,</span> <span class='ocrx_word' id='word_1_233' title='bbox 2407 2760 2499 2798; x_wconf 80' lang='lat' dir='ltr'>exi-</span> 
     </span>
     <span class='ocr_line' id='line_1_33' title="bbox 260 2813 807 2863; baseline 0.004 -11"><span class='ocrx_word' id='word_1_234' title='bbox 260 2817 403 2853; x_wconf 82' lang='lat' dir='ltr'>steret</span> <span class='ocrx_word' id='word_1_235' title='bbox 430 2813 507 2863; x_wconf 76' lang='lat' dir='ltr'>2b3</span> <span class='ocrx_word' id='word_1_236' title='bbox 538 2813 739 2853; x_wconf 82' lang='lat' dir='ltr'>extiterit</span> <span class='ocrx_word' id='word_1_237' title='bbox 766 2814 807 2854; x_wconf 82' lang='lat'>3.</span> 
     </span>
    </p>
   </div>
   <div class='ocr_carea' id='block_1_10' title="bbox 254 2917 2504 4618">
    <p class='ocr_par' dir='ltr' id='par_1_11' title="bbox 254 2917 2504 4618">
     <span class='ocr_line' id='line_1_34' title="bbox 263 2917 2500 2988; baseline -0.002 -15"><span class='ocrx_word' id='word_1_238' title='bbox 263 2918 316 2988; x_wconf 96' lang='lat'>1)</span> <span class='ocrx_word' id='word_1_239' title='bbox 356 2919 711 2985; x_wconf 74' lang='lat' dir='ltr'>Nutshalliny</span> <span class='ocrx_word' id='word_1_240' title='bbox 747 2921 838 2984; x_wconf 82' lang='lat' dir='ltr'>vel,</span> <span class='ocrx_word' id='word_1_241' title='bbox 878 2926 938 2970; x_wconf 85' lang='lat' dir='ltr'>ut</span> <span class='ocrx_word' id='word_1_242' title='bbox 974 2920 1128 2972; x_wconf 80' lang='lat' dir='ltr'>hodie</span> <span class='ocrx_word' id='word_1_243' title='bbox 1154 2922 1341 2986; x_wconf 81' lang='lat' dir='ltr'>potius</span> <span class='ocrx_word' id='word_1_244' title='bbox 1376 2921 1544 2984; x_wconf 82' lang='lat' dir='ltr'>audit,</span> <span class='ocrx_word' id='word_1_245' title='bbox 1580 2919 1849 2985; x_wconf 73' lang='lat' dir='ltr'>Nursliny</span> <span class='ocrx_word' id='word_1_246' title='bbox 1897 2921 2038 2970; x_wconf 85' lang='lat' dir='ltr'>inter</span> <span class='ocrx_word' id='word_1_247' title='bbox 2079 2917 2405 2971; x_wconf 82' lang='lat' dir='ltr'>Winchester</span> <span class='ocrx_word' id='word_1_248' title='bbox 2453 2924 2500 2969; x_wconf 88' lang='lat' dir='ltr'>et</span> 
     </span>
     <span class='ocr_line' id='line_1_35' title="bbox 261 2991 2501 3058; baseline 0 -16"><span class='ocrx_word' id='word_1_249' title='bbox 261 2991 669 3058; x_wconf 81' lang='lat' dir='ltr'>Southampton.</span> <span class='ocrx_word' id='word_1_250' title='bbox 834 2992 889 3057; x_wconf 89' lang='grc'>2)</span> <span class='ocrx_word' id='word_1_251' title='bbox 933 2991 1268 3056; x_wconf 74' lang='lat' dir='ltr'>Bonifatius,</span> <span class='ocrx_word' id='word_1_252' title='bbox 1304 2992 1452 3056; x_wconf 75' lang='lat' dir='ltr'>epist.</span> <span class='ocrx_word' id='word_1_253' title='bbox 1494 2993 1561 3045; x_wconf 88' lang='lat'>63</span> <span class='ocrx_word' id='word_1_254' title='bbox 1607 2996 1683 3057; x_wconf 81' lang='lat' dir='ltr'>(p.</span> <span class='ocrx_word' id='word_1_255' title='bbox 1723 2992 1871 3054; x_wconf 85' lang='grc'><strong>329),</strong></span> <span class='ocrx_word' id='word_1_256' title='bbox 1922 3006 1959 3040; x_wconf 92' lang='lat' dir='ltr'>a</span> <span class='ocrx_word' id='word_1_257' title='bbox 1993 2991 2215 3042; x_wconf 78' lang='lat' dir='ltr'>Daniele</span> <span class='ocrx_word' id='word_1_258' title='bbox 2263 2994 2501 3057; x_wconf 82' lang='lat' dir='ltr'>episcopo</span> 
     </span>
     <span class='ocr_line' id='line_1_36' title="bbox 274 3061 2500 3128; baseline 0 -16"><span class='ocrx_word' id='word_1_259' title='bbox 274 3061 631 3112; x_wconf 85' lang='lat' dir='ltr'>Wintoniensi</span> <span class='ocrx_word' id='word_1_260' title='bbox 672 3063 875 3128; x_wconf 78' lang='lat' dir='ltr'>petivit,</span> <span class='ocrx_word' id='word_1_261' title='bbox 930 3067 989 3112; x_wconf 87' lang='lat' dir='ltr'>ut</span> <span class='ocrx_word' id='word_1_262' title='bbox 1040 3063 1237 3113; x_wconf 85' lang='lat' dir='ltr'>librum</span> <span class='ocrx_word' id='word_1_263' title='bbox 1286 3061 1682 3128; x_wconf 76' lang='lat' dir='ltr'>Prophetarum</span> <span class='ocrx_word' id='word_1_264' title='bbox 1731 3061 1838 3113; x_wconf 87' lang='lat' dir='ltr'>sibi</span> <span class='ocrx_word' id='word_1_265' title='bbox 1883 3063 2286 3124; x_wconf 77' lang='lat' dir='ltr'>transmitteret,</span> <span class='ocrx_word' id='word_1_266' title='bbox 2337 3077 2500 3128; x_wconf 89' lang='lat' dir='ltr'>quem</span> 
     </span>
     <span class='ocr_line' id='line_1_37' title="bbox 260 3130 2500 3199; baseline 0.001 -17"><span class='ocrx_word' id='word_1_267' title='bbox 260 3131 607 3184; x_wconf 80' lang='lat' dir='ltr'>venerandae</span> <span class='ocrx_word' id='word_1_268' title='bbox 644 3132 939 3184; x_wconf 81' lang='lat' dir='ltr'>memoriae</span> <span class='ocrx_word' id='word_1_269' title='bbox 964 3131 1298 3199; x_wconf 84' lang='lat' dir='ltr'>Wynbertus</span> <span class='ocrx_word' id='word_1_270' title='bbox 1336 3132 1507 3184; x_wconf 81' lang='lat' dir='ltr'>abbas</span> <span class='ocrx_word' id='word_1_271' title='bbox 1546 3135 1602 3184; x_wconf 90' lang='lat' dir='ltr'>et</span> <span class='ocrx_word' id='word_1_272' title='bbox 1637 3132 1901 3199; x_wconf 83' lang='lat' dir='ltr'>magister</span> <span class='ocrx_word' id='word_1_273' title='bbox 1937 3130 2215 3198; x_wconf 87' lang='lat' dir='ltr'>quondam</span> <span class='ocrx_word' id='word_1_274' title='bbox 2252 3147 2405 3184; x_wconf 87' lang='lat' dir='ltr'>meus</span> <span class='ocrx_word' id='word_1_275' title='bbox 2430 3130 2500 3184; x_wconf 86' lang='lat' dir='ltr'>de</span> 
     </span>
     <span class='ocr_line' id='line_1_38' title="bbox 260 3201 2504 3272; baseline -0.001 -18"><span class='ocrx_word' id='word_1_276' title='bbox 260 3201 365 3254; x_wconf 90' lang='lat' dir='ltr'>hac</span> <span class='ocrx_word' id='word_1_277' title='bbox 401 3203 515 3254; x_wconf 82' lang='lat' dir='ltr'>vita</span> <span class='ocrx_word' id='word_1_278' title='bbox 552 3201 622 3254; x_wconf 84' lang='lat' dir='ltr'>ad</span> <span class='ocrx_word' id='word_1_279' title='bbox 659 3201 955 3255; x_wconf 89' lang='lat' dir='ltr'>Dominum</span> <span class='ocrx_word' id='word_1_280' title='bbox 999 3203 1241 3272; x_wconf 84' lang='lat' dir='ltr'>migrans</span> <span class='ocrx_word' id='word_1_281' title='bbox 1292 3201 1597 3269; x_wconf 86' lang='lat' dir='ltr'>dereliquit.</span> <span class='ocrx_word' id='word_1_282' title='bbox 1683 3202 2067 3267; x_wconf 78' lang='lat' dir='ltr'>Wynberchtus</span> <span class='ocrx_word' id='word_1_283' title='bbox 2117 3203 2353 3269; x_wconf 76' lang='lat' dir='ltr'>quidam,</span> <span class='ocrx_word' id='word_1_284' title='bbox 2407 3205 2504 3268; x_wconf 81' lang='lat' dir='ltr'>qui</span> 
     </span>
     <span class='ocr_line' id='line_1_39' title="bbox 261 3274 2500 3341; baseline -0.001 -16"><span class='ocrx_word' id='word_1_285' title='bbox 261 3275 347 3325; x_wconf 89' lang='lat' dir='ltr'>bis</span> <span class='ocrx_word' id='word_1_286' title='bbox 373 3275 655 3341; x_wconf 78' lang='lat' dir='ltr'>presbyter</span> <span class='ocrx_word' id='word_1_287' title='bbox 689 3281 923 3339; x_wconf 84' lang='lat' dir='ltr'>vocatur,</span> <span class='ocrx_word' id='word_1_288' title='bbox 960 3290 1000 3324; x_wconf 85' lang='lat' dir='ltr'>c.</span> <span class='ocrx_word' id='word_1_289' title='bbox 1027 3291 1077 3328; x_wconf 91' lang='lat' dir='ltr'>a.</span> <span class='ocrx_word' id='word_1_290' title='bbox 1107 3277 1405 3328; x_wconf 81' lang='lat'>675—701.</span> <span class='ocrx_word' id='word_1_291' title='bbox 1444 3276 1798 3325; x_wconf 57' lang='lat' dir='ltr'>instrumenta</span> <span class='ocrx_word' id='word_1_292' title='bbox 1827 3274 2227 3326; x_wconf 79' lang='lat' dir='ltr'>Westsaoeonica</span> <span class='ocrx_word' id='word_1_293' title='bbox 2265 3275 2500 3336; x_wconf 78' lang='lat' dir='ltr'>dietavit,</span> 
     </span>
     <span class='ocr_line' id='line_1_40' title="bbox 260 3345 2500 3411; baseline -0 -15"><span class='ocrx_word' id='word_1_294' title='bbox 260 3347 498 3411; x_wconf 76' lang='lat' dir='ltr'>scripsit,</span> <span class='ocrx_word' id='word_1_295' title='bbox 533 3345 868 3411; x_wconf 81' lang='lat' dir='ltr'>subscripsit,</span> <span class='ocrx_word' id='word_1_296' title='bbox 906 3346 996 3396; x_wconf 83' lang='lat' dir='ltr'>sed</span> <span class='ocrx_word' id='word_1_297' title='bbox 1020 3362 1155 3411; x_wconf 72' lang='lat' dir='ltr'>quae</span> <span class='ocrx_word' id='word_1_298' title='bbox 1178 3360 1367 3396; x_wconf 88' lang='lat' dir='ltr'>nomen</span> <span class='ocrx_word' id='word_1_299' title='bbox 1390 3348 1505 3396; x_wconf 85' lang='lat' dir='ltr'>eius</span> <span class='ocrx_word' id='word_1_300' title='bbox 1535 3345 1778 3396; x_wconf 77' lang='lat' dir='ltr'>exhibent</span> <span class='ocrx_word' id='word_1_301' title='bbox 1801 3345 2020 3396; x_wconf 62' lang='lat' dir='ltr'>chartae</span> <span class='ocrx_word' id='word_1_302' title='bbox 2046 3347 2256 3410; x_wconf 76' lang='lat' dir='ltr'>partim</span> <span class='ocrx_word' id='word_1_303' title='bbox 2281 3347 2500 3409; x_wconf 78' lang='lat' dir='ltr'>spuriae</span> 
     </span>
     <span class='ocr_line' id='line_1_41' title="bbox 258 3415 2497 3482; baseline 0.001 -16"><span class='ocrx_word' id='word_1_304' title='bbox 258 3421 388 3467; x_wconf 85' lang='lat' dir='ltr'>sunt</span> <span class='ocrx_word' id='word_1_305' title='bbox 425 3415 663 3482; x_wconf 83' lang='lat' dir='ltr'>(Kemble</span> <span class='ocrx_word' id='word_1_306' title='bbox 687 3416 725 3466; x_wconf 94' lang='lat' dir='ltr'><strong><em>I</em></strong></span> <span class='ocrx_word' id='word_1_307' title='bbox 753 3433 806 3469; x_wconf 89' lang='lat' dir='ltr'>n.</span> <span class='ocrx_word' id='word_1_308' title='bbox 848 3419 931 3470; x_wconf 91' lang='lat'>11.</span> <span class='ocrx_word' id='word_1_309' title='bbox 970 3418 1055 3470; x_wconf 84' lang='lat'>24.</span> <span class='ocrx_word' id='word_1_310' title='bbox 1096 3418 1180 3470; x_wconf 84' lang='grc'>28.</span> <span class='ocrx_word' id='word_1_311' title='bbox 1218 3419 1303 3470; x_wconf 86' lang='grc'><strong>45.</strong></span> <span class='ocrx_word' id='word_1_312' title='bbox 1342 3418 1428 3470; x_wconf 88' lang='grc'>48.</span> <span class='ocrx_word' id='word_1_313' title='bbox 1472 3418 1573 3470; x_wconf 86' lang='lat'>104</span> <span class='ocrx_word' id='word_1_314' title='bbox 1587 3432 1613 3478; x_wconf 87' lang='lat'><em>;</em></span> <span class='ocrx_word' id='word_1_315' title='bbox 1650 3416 1818 3467; x_wconf 81' lang='lat' dir='ltr'>Birch</span> <span class='ocrx_word' id='word_1_316' title='bbox 1843 3416 1881 3466; x_wconf 94' lang='lat' dir='ltr'><strong><em>I</em></strong></span> <span class='ocrx_word' id='word_1_317' title='bbox 1910 3433 1962 3468; x_wconf 90' lang='lat' dir='ltr'>n.</span> <span class='ocrx_word' id='word_1_318' title='bbox 2001 3418 2086 3469; x_wconf 86' lang='grc'>37.</span> <span class='ocrx_word' id='word_1_319' title='bbox 2128 3417 2212 3468; x_wconf 83' lang='grc'>63.</span> <span class='ocrx_word' id='word_1_320' title='bbox 2253 3418 2335 3468; x_wconf 90' lang='grc'><strong>71.</strong></span> <span class='ocrx_word' id='word_1_321' title='bbox 2380 3417 2497 3468; x_wconf 90' lang='grc'><strong>100.</strong></span> 
     </span>
     <span class='ocr_line' id='line_1_42' title="bbox 262 3485 2498 3553; baseline -0.001 -13"><span class='ocrx_word' id='word_1_322' title='bbox 262 3489 383 3541; x_wconf 86' lang='grc'><strong>103.</strong></span> <span class='ocrx_word' id='word_1_323' title='bbox 438 3489 541 3541; x_wconf 90' lang='grc'><strong>107</strong></span> <span class='ocrx_word' id='word_1_324' title='bbox 556 3502 581 3549; x_wconf 90' lang='lat'><em>;</em></span> <span class='ocrx_word' id='word_1_325' title='bbox 631 3489 698 3551; x_wconf 77' lang='lat' dir='ltr'>cf.</span> <span class='ocrx_word' id='word_1_326' title='bbox 738 3485 987 3539; x_wconf 83' lang='lat' dir='ltr'>Willelmi</span> <span class='ocrx_word' id='word_1_327' title='bbox 1018 3487 1349 3540; x_wconf 84' lang='lat' dir='ltr'>Malmesbir.</span> <span class='ocrx_word' id='word_1_328' title='bbox 1392 3487 1555 3538; x_wconf 82' lang='lat' dir='ltr'>Gesta</span> <span class='ocrx_word' id='word_1_329' title='bbox 1597 3489 1793 3553; x_wconf 79' lang='lat' dir='ltr'>pontif.</span> <span class='ocrx_word' id='word_1_330' title='bbox 1846 3486 2000 3550; x_wconf 73' lang='lat' dir='ltr'>Anyl.</span> <span class='ocrx_word' id='word_1_331' title='bbox 2048 3487 2108 3551; x_wconf 84' lang='lat' dir='ltr'>V,</span> <span class='ocrx_word' id='word_1_332' title='bbox 2157 3488 2263 3540; x_wconf 84' lang='grc'>210</span> <span class='ocrx_word' id='word_1_333' title='bbox 2293 3501 2370 3551; x_wconf 83' lang='lat' dir='ltr'>sq.</span> <span class='ocrx_word' id='word_1_334' title='bbox 2419 3485 2498 3538; x_wconf 84' lang='lat' dir='ltr'>ed.</span> 
     </span>
     <span class='ocr_line' id='line_1_43' title="bbox 260 3557 2499 3624; baseline -0 -16"><span class='ocrx_word' id='word_1_335' title='bbox 260 3557 541 3608; x_wconf 86' lang='lat' dir='ltr'>Hamilton</span> <span class='ocrx_word' id='word_1_336' title='bbox 584 3574 643 3624; x_wconf 81' lang='lat' dir='ltr'>p.</span> <span class='ocrx_word' id='word_1_337' title='bbox 680 3559 829 3617; x_wconf 87' lang='lat'><strong><em>355).</em></strong></span> <span class='ocrx_word' id='word_1_338' title='bbox 903 3557 1047 3608; x_wconf 86' lang='lat' dir='ltr'>Eum</span> <span class='ocrx_word' id='word_1_339' title='bbox 1089 3565 1216 3624; x_wconf 79' lang='lat' dir='ltr'>post</span> <span class='ocrx_word' id='word_1_340' title='bbox 1266 3574 1317 3612; x_wconf 93' lang='lat' dir='ltr'>a.</span> <span class='ocrx_word' id='word_1_341' title='bbox 1357 3560 1479 3612; x_wconf 93' lang='grc'><strong>701.</strong></span> <span class='ocrx_word' id='word_1_342' title='bbox 1532 3557 1772 3608; x_wconf 82' lang='lat' dir='ltr'>abbatem</span> <span class='ocrx_word' id='word_1_343' title='bbox 1808 3557 2254 3608; x_wconf 82' lang='lat' dir='ltr'>Nhutscellensem</span> <span class='ocrx_word' id='word_1_344' title='bbox 2296 3559 2499 3622; x_wconf 78' lang='lat' dir='ltr'>factum</span> 
     </span>
     <span class='ocr_line' id='line_1_44' title="bbox 258 3625 2498 3694; baseline 0.001 -16"><span class='ocrx_word' id='word_1_345' title='bbox 258 3644 367 3679; x_wconf 83' lang='lat' dir='ltr'>esse</span> <span class='ocrx_word' id='word_1_346' title='bbox 403 3629 583 3680; x_wconf 85' lang='lat' dir='ltr'>volunt</span> <span class='ocrx_word' id='word_1_347' title='bbox 606 3629 701 3693; x_wconf 79' lang='lat' dir='ltr'>(cf.</span> <span class='ocrx_word' id='word_1_348' title='bbox 728 3628 914 3691; x_wconf 82' lang='lat' dir='ltr'>Hahn,</span> <span class='ocrx_word' id='word_1_349' title='bbox 939 3629 1195 3694; x_wconf 79' lang='lat' dir='ltr'>‘Bonifaz</span> <span class='ocrx_word' id='word_1_350' title='bbox 1224 3630 1339 3680; x_wconf 84' lang='lat' dir='ltr'>und</span> <span class='ocrx_word' id='word_1_351' title='bbox 1361 3627 1511 3694; x_wconf 87' lang='lat' dir='ltr'>Lul&#39;,</span> <span class='ocrx_word' id='word_1_352' title='bbox 1542 3631 1699 3693; x_wconf 86' lang='grc'><strong>1883,</strong></span> <span class='ocrx_word' id='word_1_353' title='bbox 1732 3645 1789 3694; x_wconf 80' lang='lat' dir='ltr'>p.</span> <span class='ocrx_word' id='word_1_354' title='bbox 1816 3630 1886 3682; x_wconf 84' lang='grc'>26</span> <span class='ocrx_word' id='word_1_355' title='bbox 1911 3644 2021 3694; x_wconf 71' lang='lat' dir='ltr'>sqq.</span> <span class='ocrx_word' id='word_1_356' title='bbox 2035 3644 2058 3690; x_wconf 85' lang='lat'>,·</span> <span class='ocrx_word' id='word_1_357' title='bbox 2097 3627 2307 3692; x_wconf 80' lang='lat' dir='ltr'>Hauck,</span> <span class='ocrx_word' id='word_1_358' title='bbox 2335 3625 2498 3680; x_wconf 65' lang='lat' dir='ltr'><em>‘KG-l</em></span> 
     </span>
     <span class='ocr_line' id='line_1_45' title="bbox 257 3698 2498 3766; baseline -0.001 -17"><span class='ocrx_word' id='word_1_359' title='bbox 257 3698 344 3761; x_wconf 80' lang='lat'>1³,</span> <span class='ocrx_word' id='word_1_360' title='bbox 382 3701 487 3753; x_wconf 85' lang='lat'>450</span> <span class='ocrx_word' id='word_1_361' title='bbox 512 3702 632 3764; x_wconf 70' lang='lat' dir='ltr'>sq),</span> <span class='ocrx_word' id='word_1_362' title='bbox 668 3715 831 3765; x_wconf 78' lang='lat' dir='ltr'>neque</span> <span class='ocrx_word' id='word_1_363' title='bbox 868 3699 1083 3766; x_wconf 82' lang='lat' dir='ltr'>signum</span> <span class='ocrx_word' id='word_1_364' title='bbox 1120 3715 1311 3751; x_wconf 87' lang='lat' dir='ltr'>manus</span> <span class='ocrx_word' id='word_1_365' title='bbox 1336 3698 1672 3766; x_wconf 79' lang='lat' dir='ltr'>Wynberhti</span> <span class='ocrx_word' id='word_1_366' title='bbox 1707 3698 1922 3750; x_wconf 79' lang='lat' dir='ltr'>abbatis</span> <span class='ocrx_word' id='word_1_367' title='bbox 1959 3701 2018 3748; x_wconf 83' lang='lat' dir='ltr'>in</span> <span class='ocrx_word' id='word_1_368' title='bbox 2055 3698 2250 3748; x_wconf 78' lang='lat' dir='ltr'>charta</span> <span class='ocrx_word' id='word_1_369' title='bbox 2287 3715 2337 3756; x_wconf 82' lang='lat' dir='ltr'>a,</span> <span class='ocrx_word' id='word_1_370' title='bbox 2377 3700 2498 3752; x_wconf 85' lang='grc'>693.</span> 
     </span>
     <span class='ocr_line' id='line_1_46' title="bbox 258 3767 2500 3838; baseline 0.001 -19"><span class='ocrx_word' id='word_1_371' title='bbox 258 3771 394 3820; x_wconf 84' lang='lat' dir='ltr'>data</span> <span class='ocrx_word' id='word_1_372' title='bbox 430 3769 627 3834; x_wconf 81' lang='lat' dir='ltr'>(Birch</span> <span class='ocrx_word' id='word_1_373' title='bbox 662 3785 717 3824; x_wconf 81' lang='lat' dir='ltr'>n.</span> <span class='ocrx_word' id='word_1_374' title='bbox 742 3773 840 3826; x_wconf 79' lang='lat'>82)</span> <span class='ocrx_word' id='word_1_375' title='bbox 875 3771 1063 3834; x_wconf 85' lang='lat' dir='ltr'>obstat,</span> <span class='ocrx_word' id='word_1_376' title='bbox 1100 3773 1294 3838; x_wconf 79' lang='lat' dir='ltr'>quippe</span> <span class='ocrx_word' id='word_1_377' title='bbox 1328 3786 1464 3837; x_wconf 78' lang='lat' dir='ltr'>quae</span> <span class='ocrx_word' id='word_1_378' title='bbox 1486 3772 1683 3838; x_wconf 79' lang='lat' dir='ltr'>spuria</span> <span class='ocrx_word' id='word_1_379' title='bbox 1706 3772 1794 3823; x_wconf 85' lang='lat' dir='ltr'>sit.</span> <span class='ocrx_word' id='word_1_380' title='bbox 1943 3772 1996 3836; x_wconf 90' lang='lat'>3)</span> <span class='ocrx_word' id='word_1_381' title='bbox 2035 3769 2121 3833; x_wconf 78' lang='lat' dir='ltr'>Cf.</span> <span class='ocrx_word' id='word_1_382' title='bbox 2161 3767 2271 3820; x_wconf 87' lang='lat' dir='ltr'>Ars</span> <span class='ocrx_word' id='word_1_383' title='bbox 2312 3768 2500 3821; x_wconf 89' lang='lat' dir='ltr'>domni</span> 
     </span>
     <span class='ocr_line' id='line_1_47' title="bbox 258 3839 2498 3907; baseline -0 -15"><span class='ocrx_word' id='word_1_384' title='bbox 258 3839 536 3893; x_wconf 82' lang='lat' dir='ltr'>Bonifacii</span> <span class='ocrx_word' id='word_1_385' title='bbox 567 3842 661 3905; x_wconf 76' lang='lat' dir='ltr'>(A.</span> <span class='ocrx_word' id='word_1_386' title='bbox 684 3840 823 3906; x_wconf 84' lang='lat' dir='ltr'>Mai,</span> <span class='ocrx_word' id='word_1_387' title='bbox 859 3841 1089 3893; x_wconf 79' lang='lat' dir='ltr'>Classici</span> <span class='ocrx_word' id='word_1_388' title='bbox 1122 3846 1362 3894; x_wconf 85' lang='lat' dir='ltr'>auctores</span> <span class='ocrx_word' id='word_1_389' title='bbox 1397 3841 1522 3907; x_wconf 91' lang='lat' dir='ltr'>VII,</span> <span class='ocrx_word' id='word_1_390' title='bbox 1556 3842 1839 3896; x_wconf 83' lang='lat'>475—548</span> <span class='ocrx_word' id='word_1_391' title='bbox 1855 3856 1877 3904; x_wconf 93' lang='lat'><em>;</em></span> <span class='ocrx_word' id='word_1_392' title='bbox 1915 3842 1986 3904; x_wconf 76' lang='lat' dir='ltr'>cf.</span> <span class='ocrx_word' id='word_1_393' title='bbox 2029 3841 2093 3894; x_wconf 77' lang='lat' dir='ltr'>G.</span> <span class='ocrx_word' id='word_1_394' title='bbox 2126 3840 2195 3893; x_wconf 91' lang='lat' dir='ltr'>N.</span> <span class='ocrx_word' id='word_1_395' title='bbox 2233 3842 2308 3892; x_wconf 85' lang='lat' dir='ltr'>du</span> <span class='ocrx_word' id='word_1_396' title='bbox 2344 3841 2498 3906; x_wconf 84' lang='lat' dir='ltr'>Rieu,</span> 
     </span>
     <span class='ocr_line' id='line_1_48' title="bbox 258 3909 2498 3980; baseline 0 -18"><span class='ocrx_word' id='word_1_397' title='bbox 258 3909 501 3963; x_wconf 76' lang='lat' dir='ltr'>Schedae</span> <span class='ocrx_word' id='word_1_398' title='bbox 540 3911 847 3977; x_wconf 81' lang='lat' dir='ltr'>Vaticanae,</span> <span class='ocrx_word' id='word_1_399' title='bbox 903 3913 1058 3977; x_wconf 83' lang='lat'>1860,</span> <span class='ocrx_word' id='word_1_400' title='bbox 1104 3929 1160 3980; x_wconf 81' lang='lat' dir='ltr'>p.</span> <span class='ocrx_word' id='word_1_401' title='bbox 1202 3915 1306 3968; x_wconf 89' lang='lat'>140</span> <span class='ocrx_word' id='word_1_402' title='bbox 1328 3915 1433 3978; x_wconf 81' lang='lat' dir='ltr'>sq.)</span> <span class='ocrx_word' id='word_1_403' title='bbox 1446 3929 1471 3975; x_wconf 90' lang='lat'><em>;</em></span> <span class='ocrx_word' id='word_1_404' title='bbox 1521 3912 1787 3978; x_wconf 84' lang='lat' dir='ltr'>Bursian,</span> <span class='ocrx_word' id='word_1_405' title='bbox 1837 3911 2181 3963; x_wconf 81' lang='lat' dir='ltr'>‘Mic‘nchener</span> <span class='ocrx_word' id='word_1_406' title='bbox 2217 3911 2498 3977; x_wconf 73' lang='lat' dir='ltr'>Sitzunys-</span> 
     </span>
     <span class='ocr_line' id='line_1_49' title="bbox 259 3981 2496 4050; baseline 0.001 -18"><span class='ocrx_word' id='word_1_407' title='bbox 259 3982 503 4046; x_wconf 81' lang='lat' dir='ltr'>berichte,</span> <span class='ocrx_word' id='word_1_408' title='bbox 529 3981 821 4048; x_wconf 60' lang='lat' dir='ltr'>philehist.</span> <span class='ocrx_word' id='word_1_409' title='bbox 850 3983 945 4037; x_wconf 72' lang='lat' dir='ltr'>Ol!</span> <span class='ocrx_word' id='word_1_410' title='bbox 974 3985 1131 4049; x_wconf 84' lang='lat'>1873,</span> <span class='ocrx_word' id='word_1_411' title='bbox 1161 4001 1217 4050; x_wconf 83' lang='lat' dir='ltr'>p.</span> <span class='ocrx_word' id='word_1_412' title='bbox 1244 3986 1347 4038; x_wconf 87' lang='grc'><strong>457</strong></span> <span class='ocrx_word' id='word_1_413' title='bbox 1362 3999 1472 4050; x_wconf 79' lang='lat' dir='ltr'>sqq.</span> <span class='ocrx_word' id='word_1_414' title='bbox 1582 3984 1638 4049; x_wconf 88' lang='lat'>4)</span> <span class='ocrx_word' id='word_1_415' title='bbox 1671 3983 2028 4047; x_wconf 75' lang='lat' dir='ltr'>Cficarmina</span> <span class='ocrx_word' id='word_1_416' title='bbox 2054 3982 2324 4048; x_wconf 75' lang='lat' dir='ltr'>Bonifatii</span> <span class='ocrx_word' id='word_1_417' title='bbox 2343 3983 2496 4048; x_wconf 68' lang='grc' dir='ltr'>(ΜΘ.</span> 
     </span>
     <span class='ocr_line' id='line_1_50' title="bbox 257 4051 2498 4120; baseline 0 -18"><span class='ocrx_word' id='word_1_418' title='bbox 257 4051 448 4104; x_wconf 86' lang='lat' dir='ltr'>Poetae</span> <span class='ocrx_word' id='word_1_419' title='bbox 483 4053 530 4118; x_wconf 93' lang='lat' dir='ltr'>I,</span> <span class='ocrx_word' id='word_1_420' title='bbox 574 4055 601 4106; x_wconf 93' lang='lat'>1</span> <span class='ocrx_word' id='word_1_421' title='bbox 628 4055 802 4120; x_wconf 76' lang='lat' dir='ltr'>sqq.),·</span> <span class='ocrx_word' id='word_1_422' title='bbox 838 4051 1108 4106; x_wconf 70' lang='lat' dir='ltr'>Caesarne</span> <span class='ocrx_word' id='word_1_423' title='bbox 1144 4070 1399 4106; x_wconf 86' lang='lat' dir='ltr'>versuum</span> <span class='ocrx_word' id='word_1_424' title='bbox 1436 4053 1609 4106; x_wconf 81' lang='lat' dir='ltr'>sancti</span> <span class='ocrx_word' id='word_1_425' title='bbox 1635 4052 1904 4106; x_wconf 88' lang='lat' dir='ltr'>Bonifacii</span> <span class='ocrx_word' id='word_1_426' title='bbox 1939 4055 2042 4118; x_wconf 86' lang='lat' dir='ltr'>(ed.</span> <span class='ocrx_word' id='word_1_427' title='bbox 2080 4054 2147 4106; x_wconf 81' lang='lat' dir='ltr'>A.</span> <span class='ocrx_word' id='word_1_428' title='bbox 2181 4053 2498 4115; x_wconf 83' lang='lat' dir='ltr'>Wilmanns,</span> 
     </span>
     <span class='ocr_line' id='line_1_51' title="bbox 261 4123 2499 4191; baseline 0 -17"><span class='ocrx_word' id='word_1_429' title='bbox 261 4123 625 4176; x_wconf 78' lang='lat' dir='ltr'>‘Rheinisches</span> <span class='ocrx_word' id='word_1_430' title='bbox 658 4124 905 4176; x_wconf 84' lang='lat' dir='ltr'>Museum</span> <span class='ocrx_word' id='word_1_431' title='bbox 941 4125 1013 4179; x_wconf 92' lang='lat' dir='ltr'>N.</span> <span class='ocrx_word' id='word_1_432' title='bbox 1050 4125 1133 4179; x_wconf 73' lang='lat' dir='ltr'>F!</span> <span class='ocrx_word' id='word_1_433' title='bbox 1172 4124 1397 4190; x_wconf 88' lang='lat' dir='ltr'><strong><em>XXIII,</em></strong></span> <span class='ocrx_word' id='word_1_434' title='bbox 1436 4127 1593 4190; x_wconf 84' lang='lat'>1868,</span> <span class='ocrx_word' id='word_1_435' title='bbox 1632 4142 1690 4191; x_wconf 80' lang='lat' dir='ltr'>p.</span> <span class='ocrx_word' id='word_1_436' title='bbox 1728 4127 1835 4179; x_wconf 86' lang='grc'><strong>403</strong></span> <span class='ocrx_word' id='word_1_437' title='bbox 1859 4127 1980 4190; x_wconf 81' lang='lat' dir='ltr'>sq.).</span> <span class='ocrx_word' id='word_1_438' title='bbox 2143 4125 2198 4190; x_wconf 83' lang='lat'>5)</span> <span class='ocrx_word' id='word_1_439' title='bbox 2232 4123 2499 4174; x_wconf 82' lang='lat' dir='ltr'>Iohannes</span> 
     </span>
     <span class='ocr_line' id='line_1_52' title="bbox 260 4193 2496 4262; baseline 0.001 -16"><span class='ocrx_word' id='word_1_440' title='bbox 260 4194 575 4260; x_wconf 83' lang='lat' dir='ltr'>Cassianus,</span> <span class='ocrx_word' id='word_1_441' title='bbox 616 4195 947 4247; x_wconf 83' lang='lat' dir='ltr'>Conlationes</span> <span class='ocrx_word' id='word_1_442' title='bbox 982 4195 1142 4259; x_wconf 84' lang='lat' dir='ltr'>XIV,</span> <span class='ocrx_word' id='word_1_443' title='bbox 1178 4199 1229 4262; x_wconf 89' lang='grc'>8,</span> <span class='ocrx_word' id='word_1_444' title='bbox 1267 4199 1294 4250; x_wconf 97' lang='grc'><strong>1</strong></span> <span class='ocrx_word' id='word_1_445' title='bbox 1336 4196 1433 4262; x_wconf 83' lang='lat' dir='ltr'>(ed.</span> <span class='ocrx_word' id='word_1_446' title='bbox 1472 4195 1793 4261; x_wconf 73' lang='lat' dir='ltr'>Petscheniy,</span> <span class='ocrx_word' id='word_1_447' title='bbox 1835 4195 2042 4261; x_wconf 81' lang='lat' dir='ltr'>Corpus</span> <span class='ocrx_word' id='word_1_448' title='bbox 2077 4209 2180 4248; x_wconf 88' lang='lat' dir='ltr'>scr.</span> <span class='ocrx_word' id='word_1_449' title='bbox 2216 4193 2332 4248; x_wconf 86' lang='lat' dir='ltr'>eccl.</span> <span class='ocrx_word' id='word_1_450' title='bbox 2371 4193 2496 4248; x_wconf 91' lang='lat' dir='ltr'>Lat.</span> 
     </span>
     <span class='ocr_line' id='line_1_53' title="bbox 256 4263 2496 4333; baseline 0 -17"><span class='ocrx_word' id='word_1_451' title='bbox 256 4265 429 4330; x_wconf 88' lang='lat' dir='ltr'><strong><em>XIII,</em></strong></span> <span class='ocrx_word' id='word_1_452' title='bbox 467 4267 597 4333; x_wconf 86' lang='lat'><em>404)</em></span> <span class='ocrx_word' id='word_1_453' title='bbox 644 4267 713 4318; x_wconf 83' lang='lat' dir='ltr'>de</span> <span class='ocrx_word' id='word_1_454' title='bbox 746 4268 967 4318; x_wconf 87' lang='lat' dir='ltr'>scientia</span> <span class='ocrx_word' id='word_1_455' title='bbox 1002 4267 1176 4319; x_wconf 77' lang='lat' dir='ltr'>dixit:</span> <span class='ocrx_word' id='word_1_456' title='bbox 1224 4264 1530 4333; x_wconf 75' lang='grc' dir='ltr'><strong><em>θεωρητικὴ</em></strong></span> <span class='ocrx_word' id='word_1_457' title='bbox 1568 4281 1700 4318; x_wconf 86' lang='lat' dir='ltr'>vero</span> <span class='ocrx_word' id='word_1_458' title='bbox 1738 4267 1796 4317; x_wconf 89' lang='lat' dir='ltr'>in</span> <span class='ocrx_word' id='word_1_459' title='bbox 1833 4264 1965 4317; x_wconf 83' lang='lat' dir='ltr'>duas</span> <span class='ocrx_word' id='word_1_460' title='bbox 2003 4263 2264 4317; x_wconf 86' lang='lat' dir='ltr'>dividitur</span> <span class='ocrx_word' id='word_1_461' title='bbox 2299 4266 2496 4332; x_wconf 83' lang='lat' dir='ltr'>partes,</span> 
     </span>
     <span class='ocr_line' id='line_1_54' title="bbox 257 4333 2497 4404; baseline 0 -18"><span class='ocrx_word' id='word_1_462' title='bbox 257 4334 316 4387; x_wconf 93' lang='lat' dir='ltr'>id</span> <span class='ocrx_word' id='word_1_463' title='bbox 355 4339 436 4388; x_wconf 88' lang='lat' dir='ltr'>est</span> <span class='ocrx_word' id='word_1_464' title='bbox 470 4335 529 4387; x_wconf 90' lang='lat' dir='ltr'>in</span> <span class='ocrx_word' id='word_1_465' title='bbox 565 4335 882 4389; x_wconf 81' lang='lat' dir='ltr'>historicam</span> <span class='ocrx_word' id='word_1_466' title='bbox 918 4337 1556 4404; x_wconf 84' lang='lat' dir='ltr'>interpretationem</span> <span class='ocrx_word' id='word_1_467' title='bbox 1595 4339 1651 4389; x_wconf 91' lang='lat' dir='ltr'>et</span> <span class='ocrx_word' id='word_1_468' title='bbox 1693 4335 2243 4404; x_wconf 82' lang='lat' dir='ltr'>intellegentiam</span> <span class='ocrx_word' id='word_1_469' title='bbox 2293 4333 2497 4402; x_wconf 89' lang='lat' dir='ltr'>spiri-</span> 
     </span>
     <span class='ocr_line' id='line_1_55' title="bbox 256 4405 2497 4476; baseline 0 -19"><span class='ocrx_word' id='word_1_470' title='bbox 256 4406 483 4460; x_wconf 85' lang='lat' dir='ltr'>talem.</span> <span class='ocrx_word' id='word_1_471' title='bbox 532 4437 597 4445; x_wconf 97' lang='lat'>—</span> <span class='ocrx_word' id='word_1_472' title='bbox 639 4437 703 4445; x_wconf 90' lang='lat'><strong>—</strong></span> <span class='ocrx_word' id='word_1_473' title='bbox 748 4405 1021 4475; x_wconf 85' lang='lat' dir='ltr'>Spiritalis</span> <span class='ocrx_word' id='word_1_474' title='bbox 1057 4411 1239 4460; x_wconf 79' lang='lat' dir='ltr'>autem</span> <span class='ocrx_word' id='word_1_475' title='bbox 1279 4407 1538 4460; x_wconf 80' lang='lat' dir='ltr'>scientiae</span> <span class='ocrx_word' id='word_1_476' title='bbox 1572 4423 1777 4476; x_wconf 81' lang='lat' dir='ltr'>genera</span> <span class='ocrx_word' id='word_1_477' title='bbox 1813 4411 1941 4458; x_wconf 83' lang='lat' dir='ltr'>sunt</span> <span class='ocrx_word' id='word_1_478' title='bbox 1977 4405 2132 4473; x_wconf 86' lang='lat' dir='ltr'>tria,</span> <span class='ocrx_word' id='word_1_479' title='bbox 2168 4405 2497 4475; x_wconf 83' lang='lat' dir='ltr'>tropologia,</span> 
     </span>
     <span class='ocr_line' id='line_1_56' title="bbox 258 4476 2498 4560; baseline 0 -30"><span class='ocrx_word' id='word_1_480' title='bbox 258 4476 540 4546; x_wconf 81' lang='lat' dir='ltr'>allegoria,</span> <span class='ocrx_word' id='word_1_481' title='bbox 577 4492 842 4560; x_wconf 73' lang='lat' dir='ltr'>anagoge,</span> <span class='ocrx_word' id='word_1_482' title='bbox 878 4478 941 4531; x_wconf 83' lang='lat' dir='ltr'>de</span> <span class='ocrx_word' id='word_1_483' title='bbox 976 4480 1167 4546; x_wconf 77' lang='lat' dir='ltr'>quibus</span> <span class='ocrx_word' id='word_1_484' title='bbox 1193 4478 1451 4547; x_wconf 78' lang='lat' dir='ltr'>pluribus</span> <span class='ocrx_word' id='word_1_485' title='bbox 1486 4479 1752 4531; x_wconf 83' lang='lat' dir='ltr'>disserens</span> <span class='ocrx_word' id='word_1_486' title='bbox 1795 4479 1952 4543; x_wconf 78' lang='lat' dir='ltr'>infra</span> <span class='ocrx_word' id='word_1_487' title='bbox 1996 4479 2060 4544; x_wconf 89' lang='lat' dir='ltr'>(c.</span> <span class='ocrx_word' id='word_1_488' title='bbox 2099 4479 2151 4543; x_wconf 89' lang='grc'><strong>8,</strong></span> <span class='ocrx_word' id='word_1_489' title='bbox 2185 4479 2235 4543; x_wconf 89' lang='grc'>7,</span> <span class='ocrx_word' id='word_1_490' title='bbox 2279 4495 2334 4545; x_wconf 81' lang='lat' dir='ltr'>p.</span> <span class='ocrx_word' id='word_1_491' title='bbox 2368 4479 2498 4544; x_wconf 87' lang='lat'><em>406)</em></span> 
     </span>
     <span class='ocr_line' id='line_1_57' title="bbox 254 4546 2406 4618; baseline 0 -17"><span class='ocrx_word' id='word_1_492' title='bbox 254 4547 669 4616; x_wconf 83' lang='lat' dir='ltr'>simplicem</span> <span class='ocrx_word' id='word_1_493' title='bbox 706 4547 1117 4603; x_wconf 74' lang='lat' dir='ltr'>historicae</span> <span class='ocrx_word' id='word_1_494' title='bbox 1156 4546 1654 4618; x_wconf 83' lang='lat' dir='ltr'>expositionis</span> <span class='ocrx_word' id='word_1_495' title='bbox 1693 4547 1940 4601; x_wconf 90' lang='lat' dir='ltr'>ordinem</span> <span class='ocrx_word' id='word_1_496' title='bbox 1975 4550 2406 4602; x_wconf 85' lang='lat' dir='ltr'>commemoravit.</span> 
     </span>
    </p>
   </div>
   <div class='ocr_carea' id='block_1_11' title="bbox 3143 3285 3166 3902">
    <p class='ocr_par' dir='ltr' id='par_1_12' title="bbox 3143 3285 3166 3902">
     <span class='ocr_line' id='line_1_58' title="bbox 3143 3285 3166 3902; baseline 0 1290"><span class='ocrx_word' id='word_1_497' title='bbox 3143 3285 3166 3902; x_wconf 95' lang='lat' dir='ltr'> </span> 
     </span>
    </p>
   </div>
  </div>
 </body>
</html>
