3167 5192
709 517 814 573 180
928 514 1174 570 VITAE
1211 513 1615 570 BONIFATII
1649 513 2011 571 AUCTORE
2048 513 2357 571 OTLOHO
2392 514 2629 569 LIBER
2650 514 2729 573 Π.

461 721 686 768 Μαι.
707 701 1100 772 DUGIBUS,
1171 701 1646 762 GOMITIBUS
1706 701 2272 779 OMNIBUSQUE
2325 702 2588 762 DEUM
2643 702 2949 765 TIMEN-

715 791 862 851 TIB
871 790 971 852 US
1010 792 1186 850 PER
1236 790 2239 939 ΘΑΕΙΛΙΑὸἳΟέἔΤΙξἹῗῗἹΙΙΝῙξΟΒ
2249 792 2378 851 UM
2420 791 2596 851 PRO
2608 793 2762 851 VIN
2761 791 2952 852 GIAS

919 986 1269 1058 Referente⁸
1321 986 1482 1045 nobis
1559 987 2013 1047 reverentissimo
2094 989 2287 1057 fratre
2364 992 2559 1047 nostro
2632 988 2945 1059 Bonifatio

707 1076 984 1150 episcope,
1033 1076 1200 1151 quod,
1249 1076 1386 1134 dum
1429 1076 1680 1149 synodus
1724 1094 1799 1135 co
1812 1095 1852 1134 n
1864 1080 2101 1149 yreqata
2145 1080 2289 1135 esset
2316 1076 2381 1133 in
2414 1076 2727 1150 provincia
2754 1083 2949 1136 vestra
2988 1096 3025 1136 5

706 1164 876 1223 iuaeta
917 1152 1214 1223 nostramb
1255 1164 1753 1233 commonitionem,
1801 1164 2180 1223 mediantibus
2222 1162 2367 1237 filiis
2396 1165 2611 1225 nostris
2641 1166 2934 1240 Pippino⁰

707 1258 764 1311 et
788 1242 1232 1311 Karlomanno‘¹
1259 1253 1629 1327 principibus
1672 1254 1896 1323 vestris,
1933 1258 2243 1327 peraqente
2272 1254 2443 1313 etiam
2472 1254 2652 1313 vicem
2686 1260 2947 1314 nostram

695 1342 957 1415 predicto
1003 1342 1330 1412 Bonifatio,
1392 1340 1682 1401 Dominus
1739 1343 2070 1403 inclinasset
2126 1342 2303 1401 corda
2345 1348 2539 1401 vestra
2598 1362 2725 1402 cum
2776 1345 2943 1418 prin·

707 1431 926 1504 cipibus
970 1431 1178 1489 vestris
1220 1430 1320 1489 in⁰
1369 1431 1762 1505 predicatione
1806 1430 1947 1499 eius,
2012 1436 2079 1489 ut
2120 1431 2377 1490 omnibus
2422 1432 2946 1492 commonitionibus

706 1519 828 1578 eius
872 1519 1173 1578 obediretis
1216 1524 1271 1577 et
1314 1509 1540 1589 falsosf
1578 1525 1634 1578 et
1675 1519 2023 1579 scismaticos
2057 1525 2112 1578 et
2153 1520 2467 1579 homicidas
2501 1525 2559 1579 et
2590 1522 2947 1591 fornicarios
2988 1543 3047 1581 ιο

706 1626 745 1666 a
802 1609 960 1667 vobis
1019 1609 1377 1682 expelleretis
1439 1609 1774 1677 sacerdotes,
1840 1609 2205 1683 omnipotenti
2247 1608 2375 1668 Deo
2432 1610 2671 1668 nostrog
2718 1611 2947 1684 qratias

705 1696 936 1770 eyimus.
1029 1697 1114 1755 Et
1168 1716 1279 1771 pro
1322 1697 1482 1756 vobis
1524 1698 1913 1756 incessanterg
1962 1716 2159 1756 sumus
2203 1703 2447 1767 orantes,
2508 1703 2590 1766 ut,
2652 1700 2755 1773 qui
2798 1700 2950 1778 cepit

705 1786 768 1844 in
810 1786 968 1845 vobis
1012 1804 1156 1860 opus
1200 1787 1421 1855 bonum,
1458 1785 1736 1859 perficiat
1777 1805 1952 1860 usque
1996 1786 2058 1844 in
2102 1784 2289 1857 finem.

923 1875 1162 1934 Obsecro
1208 1876 1356 1933 enim
1401 1893 1589 1934 omnes
1624 1894 1724 1933 vos
1761 1893 1955 1933 coram
1982 1873 2129 1943 Deo,
2177 1880 2243 1933 ut
2270 1876 2393 1934 eius
2422 1876 2945 1935 commonitionibus

705 1962 954 2034 firmiter
997 1964 1286 2041 obediatis.
1364 1964 1567 2039 Ipsum
1612 1983 1653 2021 n
1674 1982 1713 2022 a
1734 1982 1793 2021 m
1814 1982 1850 2037 q
1872 1982 1913 2022 u
1936 1982 1965 2022 e
2008 1964 2155 2083 vilceh
2171 1969 2371 2023 nostra
2402 1964 2467 2022 in
2501 1965 2777 2038 partibus
2820 1966 2944 2024 illis
2986 1981 3043 2021 15

706 2052 784 2109 ad
817 2052 1236 2126 predicandum
1281 2052 1641 2111 constitutum
1699 2053 1983 2121 habemus,
2052 2040 2155 2111 uth
2208 2072 2309 2112 vos
2351 2052 2479 2112 Deo
2533 2054 2798 2128 propitio
2866 2055 2945 2112 ad

705 2140 861 2198 viam
918 2128 1234 2214 perducat¹
1294 2141 1670 2209 rectitudinis,
1732 2145 1788 2199 et
1842 2160 1882 2199 a
1941 2141 2154 2200 cunctis
2200 2142 2557 2212 facinoribus
2612 2143 2767 2201 salvi
2824 2162 2943 2201 esse

694 2228 954 2303 possitis.
1031 2229 1342 2289 Habuistis
1385 2230 1552 2300 enim,
1590 2231 1845 2304 peccatis
1885 2220 2296 2301 facientibusk‚
2342 2249 2490 2290 nunc
2533 2250 2708 2305 usque
2756 2233 2943 2303 falsos

705 2322 761 2375 et
819 2336 1082 2377 erroneos
1147 2318 1479 2377 sacerdotes.
1574 2319 1731 2377 Unde
1798 2324 1853 2377 et
1918 2324 2145 2377 cunctae
2201 2338 2469 2394 paganae
2530 2325 2717 2393 yentes
2782 2322 2941 2379 vobis

692 2407 1084 2480 puy-nantibus
1131 2408 1525 2481 prevalebant,
1587 2408 1727 2481 quia
1770 2426 1883 2465 non
1926 2413 2055 2466 erat
2096 2408 2427 2481 differentia
2470 2409 2620 2467 inter
2666 2410 2845 2469 laicos
2889 2415 2945 2467 et
2982 2426 3041 2465 ιο

703 2495 1037 2565 sacerdotes,
1085 2495 1288 2569 quibus
1320 2486 1621 2569 puynarel
1667 2496 1887 2555 licitum
1930 2515 2042 2556 non
2085 2502 2183 2556 est.
2269 2497 2473 2573 Qualis
2502 2498 2650 2556 enim
2694 2498 2942 2557 victoria

704 2584 782 2642 da
795 2585 828 2642 b
843 2585 867 2643 i
881 2589 996 2653 tur,
1052 2585 1151 2643 ubi
1195 2585 1512 2645 sacerdotes
1555 2604 1674 2644 una
1718 2586 1863 2644 hora
1892 2586 2177 2644 dominica
2210 2587 2634 2660 pertractantm
2663 2588 2941 2660 mysteria

703 2677 759 2731 et
799 2674 1142 2732 dominicum
1188 2692 1394 2747 corpus
1439 2692 1468 2733 c
1491 2693 1522 2733 o
1545 2693 1586 2733 n
1608 2693 1638 2732 s
1660 2693 1689 2732 e
1712 2692 1741 2733 c
1763 2694 1798 2732 r
1820 2693 1859 2733 a
1875 2694 1914 2732 n
1937 2678 1962 2732 t
1992 2692 2109 2749 pro
2156 2675 2483 2735 animarum
2528 2694 2769 2735 suarum
2814 2678 2939 2735 red-

704 2763 978 2837 emptione
1023 2767 1078 2820 et
1121 2768 1259 2837 post
1279 2782 1308 2821 e
1331 2782 1369 2821 a
1423 2763 1783 2832 christianos,
1831 2763 2035 2837 quibus
2079 2764 2180 2822 hoc
2236 2764 2569 2823 ministrare
2609 2765 2937 2833 debuerant,

703 2855 808 2909 aut
836 2870 1120 2924 payanos,
1167 2852 1370 2926 quibus
1403 2851 1694 2911 Christum
1726 2852 2037 2925 predicare
2081 2852 2120 2910 d
2142 2871 2171 2910 e
2194 2854 2225 2911 b
2248 2872 2287 2911 u
2312 2872 2341 2911 e
2362 2872 2397 2911 r
2418 2872 2457 2912 u
2479 2872 2519 2911 n
2543 2854 2630 2922 tn,
2666 2854 2941 2928 propriis
2980 2868 3039 2908 2⁶

701 2940 1142 3014 sacrileyisque⁰
1181 2941 1444 2999 manibus
1486 2946 1689 2999 necant
1702 2944 1730 2999 ,9
1802 2941 1887 2999 Et
1927 2940 1998 3013 fit
2038 2942 2341 3001 secundum
2384 2943 2617 3001 verbum
2647 2941 2931 3001 Dominip

703 3027 743 3085 d
764 3028 788 3085 i
812 3047 841 3086 c
863 3047 892 3086 e
913 3048 952 3085 n
977 3029 1134 3087 tis:
1202 3031 1328 3087 Vos
1376 3032 1527 3088 estis
1591 3031 1683 3087 sal
1729 3035 1965 3100 terrae5
2038 3032 2264 3106 quodsi
2312 3032 2406 3089 sal
2452 3034 2798 3101 evanuerit,
2869 3034 2939 3089 in

703 3126 827 3192 quo·
873 3116 1284 3175 condietur‘l?
1359 3120 1463 3177 Ad
1520 3120 1791 3176 nihilum
1836 3119 2007 3177 valet
2064 3120 2251 3189 ultra,
2321 3121 2447 3177 nisi
2507 3125 2581 3179 ut
2642 3123 2936 3179 mittatur

702 3206 872 3263 foras
919 3210 984 3263 eb
1029 3207 1429 3265 conculcetur
1473 3209 1554 3265 ab
1601 3209 1983 3267 hominibuS.
2060 3207 2222 3266 Dum
2252 3209 2387 3267 haec
2415 3209 2503 3267 ita
2546 3209 2664 3268 sint
2705 3214 2760 3267 et
2795 3211 2941 3268 tates

702 3294 765 3352 in
823 3295 982 3353 vobis
1041 3295 1264 3366 fuerint
1319 3297 1654 3365 sacerdotes,
1724 3297 1997 3370 quomodo
2042 3298 2283 3356 victores
2328 3302 2525 3356 contra
2566 3303 2784 3357 vestros
2826 3299 2937 3356 ini-
2978 3312 3035 3352 ιο

702 3384 875 3443 micos
937 3401 1053 3443 esse
1101 3385 1371 3458 poteritis
1387 3389 1416 3443 ‚P
1504 3385 1664 3443 Nam
1720 3386 1774 3444 si
1830 3386 2068 3445 mundos
2112 3391 2167 3444 et
2209 3390 2391 3445 castos
2434 3387 2506 3445 ab
2552 3387 2709 3445 omni
2750 3388 2937 3458 forni-

702 3472 918 3531 catione
962 3478 1017 3531 et
1059 3473 1360 3533 homicidio
1420 3474 1628 3533 liberos
1686 3474 1997 3533 habueritis
2052 3475 2386 3544 sacerdote&
2456 3480 2523 3533 ut
2586 3476 2742 3534 sacri
2798 3494 2937 3549 pre-

701 3561 921 3634 cipiunt
948 3580 1203 3632 canones,
1241 3567 1297 3621 et
1321 3568 1520 3621 nostra
1561 3563 1683 3621 vice
1716 3563 1988 3636 predicat
2017 3565 2297 3637 prefatus
2310 3564 2335 3595 ²⁸
2366 3564 2713 3635 Bonifatius
2742 3566 2938 3635 frater

700 3655 906 3719 noster,
975 3652 1140 3709 nulla
1195 3670 1330 3724 qens
1385 3657 1514 3710 ante
1571 3656 1823 3711 vestrum
1867 3657 2215 3726 conspectum
2257 3653 2447 3721 stabit,
2517 3653 2616 3712 sed
2672 3659 2941 3712 corruent

701 3743 828 3797 ante
874 3739 1084 3810 faciem
1128 3745 1377 3798 vestram
1422 3759 1611 3799 omnes
1656 3760 1925 3815 payanae
1967 3745 2171 3814 qentes,
2232 3746 2287 3799 et
2328 3741 2492 3800 eritis
2534 3742 2792 3811 victores,
2847 3742 2934 3800 in·
2974 3755 3028 3795 ³⁶

699 3845 872 3901 super
918 3832 972 3885 et
1014 3829 1144 3886 bene
1189 3833 1411 3902 ayentes
1454 3830 1634 3888 vitam
1668 3830 2037 3903 possidebitis
2079 3834 2386 3889 aeternam.

923 3917 1033 3975 Vos
1078 3922 1284 3986 autem,
1333 3918 1633 3977 karissimi
1679 3920 1919 3989 fratres,
1990 3918 2090 3992 qui
2135 3919 2269 3977 estis
2312 3918 2439 3977 veri
2482 3918 2799 3979 sacerdotes
2843 3921 2935 3978 vel

699 4005 802 4062 sub
845 4006 1104 4077 requlari
1156 4006 1464 4079 disciplina
1522 4007 1828 4076 constituti,
1890 4007 1973 4066 sic
2023 4007 2269 4066 ‘vosmet‘
2326 4008 2483 4082 ipsos
2538 4008 2809 4078 exbibete,
2870 4013 2939 4066 ut

911 4156 1015 4197 vn.
1073 4156 1247 4206 oapms
1312 4156 1546 4196 1.a..021›

699 4246 744 4336 ἓ)
769 4244 866 4282 Ra
837 4244 982 4283 αιήηι
953 4245 1099 4283 uiator
1147 4255 1233 4283 non
1259 4246 1403 4293 suppl.
1433 4246 1500 4284 2b.
1582 4245 1683 4296 b)c
1805 4258 1880 4288 ..ιι
1904 4247 1969 4286 2ο.
2053 4248 2095 4294 c)
2122 4246 2285 4295 Pipino
2305 4248 2345 4286 1.
2367 4248 2433 4287 212.
2449 4259 2485 4289 e.
2570 4244 2617 4298 d)
2636 4246 2863 4288 Karolom.
2889 4249 2929 4288 1.
2968 4250 3023 4289 40

785 4298 833 4337 in
869 4295 914 4348 (8
915 4296 945 4336 d
981 4298 1050 4348 2b)
1086 4309 1168 4347 pre
1120 4296 1244 4337 reidc
1369 4310 1439 4337 em
1476 4300 1533 4337 2a
1534 4299 1639 4341 ..cb
1758 4258 1864 4351 mr)
1905 4300 1937 4339 f.
1978 4304 2025 4340 et
2060 4310 2144 4342 om.
2183 4301 2252 4343 2α.
2268 4300 2307 4339 b.
2323 4310 2360 4339 c.
2537 4301 2581 4351 g)
2623 4312 2708 4340 om.
2746 4301 2928 4341 zama.

699 4348 728 4389 11
774 4361 927 4399 supere
929 4362 990 4390 er.
1023 4352 1086 4391 2ο.
1251 4352 1283 4403 i)
1311 4362 1392 4401 per
1421 4362 1456 4391 e
1460 4363 1551 4401 ·.,as
1581 4310 1667 4443 (1αέ
1668 4357 1716 4391 at
1742 4363 1826 4392 om.
1856 4354 1916 4396 20.
2076 4351 2126 4403 k)
2153 4354 2434 4402 exigentibus
2463 4356 2523 4395 2ο.
2686 4354 2719 4405 l)
2750 4356 2780 4394 1.
2810 4366 2855 4403 p.
2886 4356 2925 4395 1.

699 4406 760 4451 m)
802 4408 998 4443 tractant
1036 4406 1101 4445 2a.
1121 4404 1199 4443 b.c
1371 4405 1417 4456 n)
1459 4404 1489 4444 d
1491 4380 1629 4445 eb’uer
1660 4411 1710 4445 nt
1746 4406 1816 4445 2α.
1980 4406 2023 4458 o)
2067 4416 2155 4454 que
2183 4417 2267 4445 om.
2306 4408 2375 4446 2α.
2392 4408 2433 4446 b.
2449 4419 2483 4450 c.
2648 4407 2696 4458 p)
2738 4418 2821 4446 om.
2863 4409 2926 4446 20.

699 4456 798 4506 q)
776 4456 1013 4507 811(1)6111·ῑ
1041 4458 1110 4497 2.
1128 4458 1210 4497 b.c
1235 4469 1330 4496 eum
1351 4458 1412 4497 Va
1385 4458 1474 4507 ’‘·19
1504 4458 1680 4506 (Matth.
1710 4460 1859 4509 5,13).
2022 4460 2061 4508 r)
2091 4470 2217 4499 versu
2244 4470 2313 4499 ex.
2343 4471 2427 4501 om.
2458 4461 2498 4500 1.
2662 4462 2703 4512 6)
2738 4460 2930 4512 νο6(1116ι

697 4510 1140 4562 ·po.·0m)2a..cb
2964 4515 3132 4569 ⁴⁵1
