3167 5192
716 449 787 505 68
1033 444 1228 501 VITA
1263 444 1669 502 Romamn
1702 444 2063 503 AUCTORE
2100 444 2618 501 WILLIBALDO.

485 634 578 675 reta
603 647 639 676 ο.
656 638 696 675 1.
1255 623 1350 694 (3).
1414 621 1663 691 Cumque
1720 622 1817 677 diu
1870 623 1940 679 de
2002 624 2332 679 caelestibus
2392 624 2707 693 cogitaret*
2770 624 2834 676 et
2898 618 2968 673 ad

1037 710 1298 819 supelmat
1307 711 1376 807 ge
1420 692 1721 765 erigeretb,
1765 695 1911 764 patri
1946 695 2117 749 etiam
2152 694 2291 749 haec
2326 711 2467 763 quae
2504 694 2689 747 animo
2728 690 2969 764 gerebat

1034 781 1162 819 reve
1185 782 1273 819 an
1347 812 1361 826 .

1251 836 1342 905 (4).
1397 834 1522 905 Quo
1559 841 1841 905 conperto,
1892 837 2307 907 obstupefactus
2353 840 2515 905 pater
2560 835 2781 906 magnis
2836 850 2969 888 eum

1035 906 1199 961 minis
1235 911 1292 961 et
1325 906 1717 961 blandimentis
1751 907 2049 976 prohibuit.
2242 946 2247 949 -
3000 918 3022 958 5

1256 980 1358 1047 (5).
1419 976 1669 1047 Cumque
1726 994 1865 1048 puer
1922 984 2142 1033 sanctus
2196 996 2230 1033 a
2281 982 2441 1048 patre
2495 975 2835 1047 prohibitus,
2898 991 2969 1029 ne

1038 1052 1324 1103 aeternum
1373 1052 1631 1119 quereret
1677 1049 2011 1117 thesaurum,
2061 1049 2264 1105 invasit
2300 1066 2427 1104 eum
2463 1049 2716 1119 languor,
2774 1051 2837 1102 et
2874 1046 2971 1117 pia

1037 1119 1196 1190 pueri
1230 1136 1401 1189 parvo
1437 1120 1727 1175 intervallo
1763 1121 2016 1175 voluntas
2052 1121 2341 1177 succrevit.

1256 1191 1352 1262 (6).
1409 1190 1613 1260 Sicque
1635 1191 1722 1246 vir
1743 1191 1848 1246 Dei
1872 1192 2078 1246 carnali
2102 1193 2327 1247 orbatus
2351 1196 2525 1261 patre,
2558 1190 2696 1244 inito
2720 1190 2970 1244 frah-um

1039 1261 1282 1330 consilio,
1309 1259 1382 1315 ad
1399 1261 1713 1331 optimumd
1736 1266 1955 1317 nostrae
1972 1263 2368 1333 redemptionis
2386 1267 2604 1317 secutus
2624 1265 2708 1316 est
2724 1265 2967 1330 patrem.
3004 1274 3045 1312 ιο

598 1358 636 1386 0.
657 1348 698 1386 2.
1251 1336 1353 1401 (7).
1405 1332 1653 1403 Magnae
1698 1334 1923 1404 quidem
1972 1335 2172 1389 mentis
2222 1335 2545 1388 castimonia
2560 1332 2588 1375 f
2631 1332 2845 1387 ditatus
2886 1336 2971 1385 est

1040 1420 1121 1473 ac,
1170 1404 1359 1458 celesti
1407 1405 1709 1475 inspirante
1757 1405 1953 1475 gratia,
1997 1406 2261 1475 pastorali
2297 1404 2609 1475 pedagogio
2646 1406 2966 1477 provectus.

1247 1474 1342 1545 (8).
1397 1474 1688 1547 Magisque
1738 1493 1803 1530 ac
1837 1476 2012 1547 magis
2061 1476 2247 1531 divino
2286 1476 2489 1531 exarsit
2522 1476 2746 1545 ingenio
2787 1479 2847 1530 et
2884 1475 2965 1527 in·

1038 1546 1230 1599 stituta
1263 1551 1576 1601 sanctorum
1610 1551 1831 1617 patrum
1866 1548 2162 1615 inchoavit,
2200 1547 2453 1602 dilatavit
2488 1563 2554 1602 ac
2590 1545 2847 1616 perfecit.

1248 1617 1346 1688 (9).
1397 1617 1763 1688 Fratrumque
1808 1635 1994 1673 secum
2040 1620 2099 1673 in
2136 1619 2375 1673 Domino
2412 1618 2717 1673 viventium
2766 1620 2968 1671 contu·
3002 1630 3045 1669 15
3099 1594 3104 1675 ἱ

1037 1688 1230 1742 bernio
1281 1688 1620 1757 coniunctus,
1670 1694 1728 1744 et
1776 1689 1987 1745 exstitit
2033 1690 2356 1761 pedagogus
2406 1706 2471 1743 ac
2520 1693 2831 1743 metrorum
2885 1687 2967 1740 fa·
3102 1718 3104 1721 <

1041 1758 1238 1812 cundie
1274 1759 1427 1812 fulsit
1459 1760 1697 1815 inbutus.

1253 1830 1388 1899 (10).
1443 1830 1591 1884 Ecce
1626 1831 1821 1885 beatus
1856 1831 2174 1886 Bonifacius
2212 1832 2419 1886 athleta
2457 1830 2662 1885 Christi
2700 1830 2961 1885 exstitit&

1041 1904 1096 1954 et
1130 1900 1265 1954 vicit
1300 1900 1617 1955 maliciam!¹
1649 1906 1704 1955 et
1738 1903 1913 1956 victor
1948 1903 2277 1972 permansit!
3106 1924 3108 1927 ⁴

601 1997 637 2024 ο.
659 1985 699 2024 s.
1258 1972 1389 2041 (11).
1445 1972 1713 2027 Sanctusi
1758 1974 1849 2027 hic
1884 1973 2108 2028 Domini
2159 1974 2230 2028 ad
2265 1975 2508 2043 palmam
2543 1973 2797 2041 martyrii
2831 1988 2965 2041 pro·
2998 1987 3045 2026 20

1039 2042 1272 2110 perabat
1318 2046 1375 2095 et
1419 2043 1659 2097 famulos
1707 2061 1831 2098 suos
1874 2045 1945 2098 ad
1981 2046 2283 2099 certamina
2318 2044 2685 2114 confortabat,
2725 2047 2789 2097 ut
2826 2061 2965 2113 gau-

1041 2112 1235 2167 derent
1270 2114 1477 2181 pariter
1512 2132 1639 2168 cum
1678 2114 1936 2169 Christok
1967 2117 2023 2169 in
2059 2121 2389 2185 perpetuum
2405 2114 2424 2156 1
2442 2159 2454 2171 .

1256 2184 1387 2253 (12).
1443 2183 1691 2254 Cumque
1730 2187 2014 2241 inluxisset
2064 2192 2283 2241 sanctus
2320 2187 2453 2254 dies,
2504 2204 2662 2241 versa
2696 2186 2821 2240 vice
2858 2201 2963 2254 pro

1042 2254 1230 2308 amicis
1265 2254 1489 2323 inimici,
1527 2257 1722 2327 ingens
1769 2259 1827 2311 in
1874 2263 2051 2312 castra
2097 2259 2388 2312 hostiumm
2423 2256 2593 2311 inruit
2642 2256 2963 2310 multitude.

1255 2328 1384 2395 (13).
1439 2325 1672 2383 Sanctus
1723 2329 1807 2383 vir
1854 2329 1957 2383 Dei
2002 2329 2213 2383 'audivit
2260 2346 2461 2399 pueros
2514 2332 2795 2383 currentes
2832 2342 2966 2381 cum
3000 2342 3047 2381 π

1041 2396 1224 2466 armis,
1262 2414 1292 2451 e
1329 2399 1608 2453 tentorion
1640 2400 1891 2468 procedit
1927 2404 1983 2454 et
2018 2400 2303 2454 interdixit
2340 2404 2633 2454 certamen.

1256 2469 1393 2540 (14).
1449 2468 1622 2538 ‘Iam'‚
1659 2470 1865 2539 inquid,
1906 2471 2076 2524 ‘adest
2112 2471 2207 2524 diu
2245 2476 2463 2541 optatus
2501 2470 2633 2537 dies,
2684 2470 2963 2524 conforta·

1041 2539 1179 2592 mini
1213 2540 1272 2594 in
1306 2539 1542 2595 Domino
1580 2545 1636 2595 et
1671 2541 1929 2596 liberabit
1965 2543 2173 2596 animas
2209 2547 2429 2597 vestras,

1255 2612 1388 2682 (15).
1442 2610 1695 2665 Gaudete
1746 2612 1804 2666 in
1856 2612 2095 2667 Domino
2150 2631 2275 2667 cum
2328 2614 2579 2683 supernis
2632 2614 2963 2683 angelorum

1042 2682 1268 2751 civibus,
1305 2689 1366 2735 ut
1401 2699 1632 2753 regnare
1669 2700 1795 2737 cum
1833 2682 2047 2739 Christo
2086 2685 2309 2738 valeatis
2344 2684 2402 2737 in
2438 2685 2668 2739 aevum)
2999 2699 3047 2738 30

1257 2754 1386 2825 (16).
1443 2753 1675 2809 Inclitus
1728 2760 1938 2823 martyr
1987 2754 2305 2817 Bonifacius
2360 2756 2533 2809 dum⁰
2582 2755 2832 2809 alumnos
2888 2754 2962 2807 ad

1041 2824 1284 2893 palmam
1333 2824 1581 2893 martyrii
1632 2826 1909 2893 incitabat,
1963 2826 2131 2880 inruit
2178 2842 2522 2897 paganorum
2576 2826 2847 2879 tumultus
2905 2830 2963 2879 et

1042 2900 1356 2949 sanctorum
1392 2913 1625 2965 corpora
1660 2898 2038 2953 cruentabant.

1251 2968 1383 3034 (17).
1441 2966 1552 3019 Hic
1614 2972 1696 3021 est
1749 2968 1941 3022 beatus
1996 2967 2331 3037 Bonifacius,
2391 2968 2545 3021 cuius
2596 2967 2764 3021 hodie
2819 2966 2961 3021 festa

1042 3036 1412 3106 celebramus3
1450 3038 1657 3091 athleta
1682 3038 1882 3093 Christi
1905 3039 2211 3109 triumphat
2235 3055 2359 3092 cum
2386 3039 2587 3093 sanctis
2624 3042 2681 3093 et
2716 3039 2961 3107 palmam
2996 3054 3045 3095 35

1039 3106 1301 3161 victoriae
1338 3108 1583 3177 accipere
1620 3111 1822 3163 meruit
1858 3110 1927 3164 de
1962 3128 2129 3163 manu
2166 3110 2418 3164 Domini:
2458 3109 2768 3163 AlleluiaP!

602 3202 638 3231 ο.
659 3192 700 3230 3.
1256 3178 1383 3249 (18).
1437 3178 1641 3233 Beatus
1689 3181 1775 3234 vir
1808 3180 2141 3246 Bonifacius,
2193 3181 2324 3234 dum
2375 3180 2672 3235 sacerdotis
2721 3180 2960 3251 gradum

1041 3250 1294 3319 suscepit,
1330 3249 1520 3303 vinum
1559 3254 1616 3303 et
1652 3251 1878 3305 siceram
1914 3270 2024 3307 non
2060 3253 2271 3319 bibens,
2320 3253 2608 3320 utriusque
2642 3251 2960 3306 testamenti

1041 3321 1286 3374 imitatus
1322 3326 1404 3375 est
1438 3324 1639 3390 patres.

601 3417 636 3444 ο.
657 3405 699 3444 8.
1254 3392 1384 3463 (19).
1453 3392 1685 3447 Athleta
1735 3393 1936 3447 Christi
1984 3392 2301 3448 Bonifacius
2357 3393 2639 3464 navigium
2695 3393 2957 3460 ascendit,
2992 3409 3040 3448 40

1040 3468 1294 3533 stagnum
1329 3463 1720 3532 transfretavit,
1757 3464 2004 3519 Fresiam
2041 3464 2390 3521 coniunxitq.

933 3643 970 3682 1.
1028 3643 1159 3682 Nota.
1214 3643 1346 3682 2a.b.

720 3712 766 3765 a)
802 3713 998 3761 cogitare
1025 3726 1104 3763 pr.
1134 3726 1192 3753 m.
1222 3716 1302 3763 2a;
1329 3720 1398 3753 ret
1427 3715 1472 3752 in
1501 3725 1591 3753 ras.
1622 3713 1690 3755 2b.
1827 3716 1873 3762 b)
1910 3712 2083 3763 erigere
2112 3725 2190 3763 pr.
2220 3725 2279 3753 m.
2310 3715 2390 3761 2α,·
2427 3714 2642 3764 eriger(et
2670 3714 2791 3764 patri
2820 3712 2956 3752 etiam

719 3768 766 3805 in
793 3765 904 3817 ras.)
931 3767 998 3805 211.
1082 3771 1122 3817 c)
1150 3778 1281 3809 reve:
1307 3766 1316 3819 1
1340 3768 1476 3817 labat,
1505 3779 1597 3807 ras.
1626 3769 1655 3806 b
1683 3767 1753 3806 2a.
1836 3768 1882 3817 d)
1909 3769 1973 3805 ita
2002 3768 2058 3805 20
2084 3769 2175 3815 (pr.
2206 3772 2304 3817 m.).
2335 3768 2387 3815 b,·
2415 3765 2677 3817 adoptivum
2704 3779 2763 3805 m.
2794 3767 2852 3804 al.
2880 3766 2953 3805 ea.

721 3820 764 3871 e)
799 3830 913 3858 corr.
943 3820 1103 3867 Magno
1133 3822 1201 3859 2α.
1328 3820 1364 3871 1)
1400 3821 1658 3861 castImonio
1686 3820 1755 3859 sa.
1883 3822 1928 3870 g)
1964 3821 2153 3859 existitit
2180 3821 2249 3859 2α.
2368 3819 2416 3871 h)
2452 3821 2663 3860 miliciam
2684 3832 2763 3869 pr.
2796 3831 2852 3858 m.
2880 3819 2952 3857 2α.
2990 3823 3039 3863 45

720 3873 754 3921 i)
794 3872 924 3921 8:63,
964 3883 1055 3911 ras.
1086 3884 1114 3913 a
1141 3874 1208 3912 2b.
1371 3873 1419 3924 k)
1461 3873 1566 3913 Chr.
1609 3885 1710 3922 om„
1748 3874 1826 3913 illo
1867 3885 2081 3921 super-scr.
2122 3874 2190 3913 2a.
2354 3875 2386 3922 l)
2426 3880 2691 3923 perpetuom
2729 3874 2798 3921 2ο,
2836 3883 2953 3911 corr.

719 3928 781 3975 m)
808 3929 968 3966 ostium
997 3926 1064 3965 2b.
1207 3929 1254 3975 n)
1283 3927 1476 3965 tentoria
1493 3937 1572 3974 pr.
1602 3939 1661 3965 m.
1692 3928 1759 3965 2α.
1896 3927 1940 3977 ο)
1967 3925 2110 3979 :dum,
2137 3938 2227 3966 ras.
2259 3938 2286 3966 a
2314 3928 2381 3966 2a.
2516 3926 2563 3979 p)
2596 3926 2644 3967 ai
2670 3928 2752 3973 2α,·
2791 3924 2855 3967 ast
2882 3925 2952 3965 Ξῖ).

719 3982 766 4029 q)
794 3979 993 4030 Explicit
1021 3978 1113 4018 vita
1141 3979 1216 4019 vel
1243 3985 1368 4019 actus
1396 3980 1540 4019 sancti
1569 3979 1793 4019 Bonitacii
1823 3980 2147 4030 archiepiscopi
2176 3980 2337 4019 subscr.
2367 3981 2435 4019 Σὺ.

1565 4248 2101 4259 .,---σ---υ-.--
