3167 5192
665 491 737 543 40
987 484 1182 539 VITA
1217 482 1625 538 BONIFATII
1661 482 2019 538 AUCTORE
2057 482 2572 539 WILLIBALDO.

664 670 1066 735 roboratum
1137 670 1282 731 esta
1355 666 1748 749 imperium,
1820 669 1987 729 tunc
2057 668 2342 750 quippe,
2416 666 2695 730 domino
2756 665 2919 729 Deo

668 749 1099 843 opitulanteb
1182 775 1260 818 ac
1345 759 1759 838 suggerente
1843 758 2123 818 sancto⁰
2204 750 2603 820 Bonifatio‘1
2686 755 2918 819 archi-

667 847 1007 931 episcop0,
1070 843 1477 927 relegionis⁰
1537 843 1953 907 christianae
2014 844 2489 907 confirmatum
2542 847 2649 907 est
2703 846 2917 908 testa-

667 938 1005 1010 mentum,
1080 936 1150 996 et
1219 932 1759 996 orthodoxorum
1828 934 2103 1015 patrum
2174 933 2531 1015 synodalia
2600 934 2765 996 sunt
2834 932 2919 993 in

667 1023 948 1087 Francis
1009 1024 1318 1086 correcta
1380 1021 1709 1084 instituta
1770 1024 2155 1103 cunctaque
2215 1041 2553 1085 canonum
2618 1021 2917 1084 auctori·
2957 1044 2985 1083 5

668 1115 816 1176 tate
865 1112 1231 1175 emendata
1278 1112 1485 1192 atque
1533 1110 1829 1191 expiata.
1926 1110 2017 1172 Et
2060 1112 2204 1172 tam
2254 1109 2585 1174 laicorum
2645 1110 2917 1172 iniusta

668 1200 1205 1265 concubinarum
1275 1197 1524 1281 copula
1592 1198 1876 1281 partim,
1950 1198 2360 1263 exhortante
2430 1201 2671 1262 sancto
2740 1199 2913 1274 vim,

666 1281 1026 1372 separatas
1094 1290 1199 1353 est
1219 1285 1260 1364 1,
1333 1307 1537 1369 quam
1602 1287 1810 1349 etiam
1872 1285 2277 1351 clericorum
2337 1287 2641 1351 nefanda
2702 1292 2909 1351 cumss

665 1376 994 1442 uxoribus
1061 1375 1455 1441 coniunctio
1517 1368 1873 1439 seiunctah
1940 1395 2020 1439 ac
2090 1379 2453 1459 segregata
2472 1377 2516 1437 ².
2621 1376 2914 1439 Tantus-

665 1460 832 1550 quei
892 1466 961 1528 in
1013 1464 1428 1549 supradictis
1475 1462 1767 1527 ducibus
1816 1464 2088 1527 divinae
2138 1464 2447 1527 caritatis
2493 1484 2616 1548 per
2663 1465 2917 1528 doctri·
2956 1488 3007 1527 ιο

665 1576 825 1618 nam
873 1554 1096 1618 sancti
1144 1546 1502 1617 Bonifatik
1551 1552 1784 1616 fervor
1845 1553 2116 1629 exarsit,
2180 1556 2262 1615 ut
2309 1552 2579 1636 plebem
2628 1554 2915 1635 quidem

666 1637 742 1706 a¹
794 1663 1112 1727 perversa
1156 1642 1445 1705 inolitae
1495 1642 2011 1705 consuetudinis
2061 1662 2349 1705 censura
2396 1640 2694 1704 multum
2746 1642 2913 1705 libe-

664 1735 919 1808 rarent,
969 1736 1173 1813 quam,
1224 1731 1501 1813 proprio
1547 1730 1926 1814 inplicata¹1
1980 1730 2268 1794 arbitrio
2327 1733 2397 1793 et
2444 1730 2913 1794 hereticorum

667 1821 958 1903 decepta
1004 1820 1464 1903 suggestione,
1520 1819 1668 1881 ius⁰
1726 1822 2047 1883 aeternae
2108 1818 2515 1883 hereditatis
2562 1819 2911 1883 amiserat.

667 1908 861 1972 Adeo
910 1908 1092 1971 enim
1139 1907 1471 1989 spiritalis
1517 1908 1586 1969 in
1640 1907 1894 1990 populo
1958 1908 2312 1971 doctrinae
2372 1908 2597 1971 lucem
2660 1908 2914 1971 hereti·
2956 1927 3003 1965 ιο

667 2017 904 2060 corum
951 1995 1448 2060 suffocaveratl‘
1490 2000 1697 2071 secta,
1746 1999 1827 2058 ut
1875 1996 2239 2059 tenebrosa
2285 1996 2631 2059 hereticae
2670 1998 2913 2079 decep·

665 2085 876 2148 tionis
925 2084 1147 2167 caligo
1180 2104 1498 2168 magnam
1533 2085 1868 2166 siquidem
1906 2084 2127 2167 plebis
2163 2085 2577 2149 -obtexeratq
2617 2088 2909 2169 partem.

666 2172 771 2235 Ex
817 2173 1064 2256 quibus
1113 2172 1388 2256 quidem
1436 2172 1946 2237 Aeldebercht¹'
1988 2177 2058 2237 et
2090 2172 2453 2237 Clemens³
2499 2196 2541 2237 a
2584 2174 2699 2237 via
2744 2174 2913 2237 veri-

667 2262 834 2324 tatis
891 2262 1219 2345 populum
1292 2262 1584 2346 profana
1644 2262 2086 2345 pecuniarum
2152 2262 2534 2344 cupiditate
2595 2263 2915 2326 seducti4

665 2350 813 2434 iugi
861 2353 1298 2414 averterunt⁸
1357 2350 1618 2427 studio;
1670 2352 1787 2415 sed
1837 2372 1878 2413 a
1924 2353 2163 2414 sancto
2214 2347 2605 2414 Bonifatiot
2651 2352 2913 2415 archie·
2950 2370 3001 2408 20

667 2439 979 2521 piscop0‚
1053 2439 1643 2503 consentientibus
1710 2439 2212 2503 Oarlomannou
2282 2441 2353 2503 et
2414 2440 2708 2524 Pippino
2770 2440 2911 2521 glo-

640 2527 861 2592 ‘riosis
911 2528 1221 2604 ducibus,
1272 2527 1358 2591 ab
1409 2527 1735 2611 ecclesiae
1785 2530 2054 2592 unitate
2103 2528 2439 2611 expulsi&
2496 2530 2695 2591 iuxta
2755 2549 2911 2611 apo-

879 2754 916 2791 1.
967 2754 1072 2801 Gap.
1099 2754 1138 2793 7.
1197 2754 1236 2791 1.
1267 2754 1336 2792 2α.
1357 2754 1398 2791 b.
1419 2764 1454 2792 c.
1484 2753 1526 2793 3.
1555 2753 1599 2793 4.

665 2859 707 2905 a)
748 2864 867 2897 esset
891 2858 919 2897 3
947 2863 986 2897 et
1013 2871 1070 2898 m.
1101 2860 1160 2897 al.
1191 2860 1260 2897 2a.
1343 2860 1388 2908 b)
1429 2860 1627 2909 opilante
1658 2860 1695 2898 1.
1779 2861 1818 2907 c)
1859 2860 2000 2899 sancti
2029 2861 2082 2897 2a
2109 2862 2200 2909 (pr.
2231 2863 2328 2909 m.).
2359 2872 2395 2899 c.
2490 2860 2533 2909 d)
2566 2859 2799 2898 Bonitacio
2830 2860 2911 2907 211,-

665 2911 897 2950 Bonetacii
938 2912 1262 2961 archiepiscopi
1289 2912 1352 2950 2ο.
1507 2914 1548 2960 e)
1583 2913 1646 2949 ita
1675 2913 1713 2951 1.
1745 2912 1799 2951 2a
1836 2914 1927 2961 (pr.
1958 2916 2054 2962 m.).
2084 2912 2127 2953 3.
2290 2914 2323 2963 f)
2366 2918 2576 2961 reparata
2603 2912 2631 2952 3
2658 2915 2834 2961 (corn).
2864 2912 2907 2953 4.
2948 2910 3000 2950 25

663 2966 708 3012 g)
739 2975 797 3002 m.
827 2965 888 3003 al.
918 2964 964 3003 in
993 2965 1084 3003 loco
1111 2968 1159 3002 ut
1185 2965 1355 3003 videtur
1382 2976 1485 3003 raso
1515 2967 1553 3003 1.
1665 2966 1711 3015 h)
1742 2966 1823 3004 sei.
1854 2976 1906 3005 ac
1937 2977 2021 3004 om.
2050 2967 2092 3005 4.
2205 2968 2235 3015 i)
2266 2967 2511 3014 'ramisque
2539 2967 2608 3004 2a.
2632 2967 2672 3005 b.
2771 2966 2816 3015 k)
2849 2978 2907 3004 m.

661 3026 773 3055 saec.
803 3017 932 3055 XVI.
975 3028 1092 3057 corr.
1135 3018 1352 3057 Bonifatii
1395 3020 1433 3067 1,
1477 3022 1516 3055 et
1555 3019 1621 3056 ita
1660 3018 1702 3057 3.
1740 3019 1791 3069 4;
1837 3020 2055 3058 Bonitacii
2082 3020 2179 3059 rell.
2344 3020 2375 3068 l)
2410 3030 2488 3068 Ρν.
2530 3031 2589 3057 m.
2618 3028 2835 3067 superscr.
2867 3020 2907 3057 1.

666 3071 724 3117 m)
756 3080 872 3117 quae
899 3070 926 3109 4
953 3074 992 3108 et
1019 3082 1078 3109 m.
1107 3071 1166 3109 al.
1197 3071 1266 3109 Sa.
1391 3074 1436 3120 n)
1476 3071 1643 3119 inplica
1673 3074 1711 3121 1,
1740 3082 1855 3110 corr.
1980 3074 2023 3120 o)
2063 3073 2183 3112 iussa
2213 3075 2253 3111 1.
2377 3074 2423 3122 p)
2462 3072 2631 3111 suffoca
2655 3074 2662 3121 1
2687 3077 2809 3111 secta
2828 3084 2907 3121 pr.

661 3134 722 3161 m.
751 3121 793 3161 3.
905 3124 950 3171 q)
981 3124 1204 3162 obtexerit
1231 3124 1270 3163 3.
1301 3125 1342 3164 4.
1453 3125 1491 3172 r)
1521 3125 1584 3161 ita
1613 3126 1681 3163 ila.
1710 3124 1753 3164 3.
1781 3125 1823 3164 4.
1854 3126 1923 3165 δα.
1944 3124 2055 3174 c1·⁸;
2086 3123 2393 3182 Heldebercht
2423 3126 2503 3170 522:
2530 3124 2801 3164 Aeldeberct
2832 3126 2911 3173 2b5

664 3173 941 3215 Eldebercht
969 3177 1018 3225 13
1047 3174 1294 3216 Eldcbreht
1311 3178 1393 3224 4a,·
1421 3176 1690 3216 Adelbertns
1709 3178 1770 3216 20.
1855 3179 1893 3226 s)
1923 3184 2183 3219 averterent
2200 3181 2241 3227 3,
2262 3190 2378 3218 corr.
2464 3181 2497 3227 t)
2528 3179 2763 3217 Bonitacio
2783 3180 2851 3218 2b.
2872 3191 2907 3217 c.
2945 3178 2997 3217 80

663 3229 710 3278 u)
748 3230 812 3267 ita
841 3228 1050 3278 (Garlam.
1081 3240 1160 3278 pr.
1189 3241 1247 3269 m.
1283 3228 1327 3279 3)
1368 3231 1438 3269 Ra.
1475 3230 1516 3269 3.
1545 3230 1599 3281 4;
1639 3230 1863 3270 charlom.
1900 3232 1942 3281 1;
1978 3232 2179 3271 Karlom.
2218 3232 2285 3271 2b.
2315 3244 2351 3271 c.
2489 3233 2535 3281 v)
2575 3236 2684 3271 sunt
2716 3229 2824 3271 add.
2866 3233 2907 3271 4.

662 3424 956 3477 verborum
1006 3440 1170 3491 supra
1210 3423 1320 3475 iam
1373 3423 1736 3477 adductorum
1786 3442 1916 3480 saec.
1956 3426 2147 3480 XVII.
2198 3428 2258 3477 in
2310 3428 2476 3480 codice
2524 3430 2596 3482 4a
2646 3428 2909 3479 adnotata

661 3500 803 3562 sunt,
839 3511 958 3547 cum
995 3495 1121 3547 haec
1156 3495 1312 3546 verba
1347 3511 1372 3545 e
1409 3510 1449 3549 c.
1489 3497 1522 3548 6
1559 3497 1752 3563 (supra
1783 3514 1840 3563 Ρ.
1880 3500 1975 3557 35)
2012 3500 2212 3547 iterata
2247 3500 2374 3552 sint.
2540 3501 2592 3565 1)
2634 3499 2717 3561 Cf.
2758 3501 2907 3566 capi-

663 3567 839 3617 tulare
889 3566 1191 3629 Liftinense
1239 3584 1290 3619 a.
1333 3568 1454 3630 743,
1491 3583 1531 3624 c.
1567 3570 1601 3621 3
1639 3566 1796 3632 (ΜΘ.
1836 3569 2013 3635 Epist.
2049 3568 2163 3631 III,
2191 3570 2295 3622 312
2312 3585 2335 3629 ,·
2385 3569 2515 3623 ΜΘ.
2558 3570 2908 3634 capitularia

663 3638 711 3701 I,
739 3640 866 3702 28.);
903 3638 1205 3703 capitulare
1241 3636 1610 3689 Suessionense
1646 3654 1698 3692 a.
1726 3641 1847 3703 744,
1886 3654 1927 3692 c.
1957 3642 1989 3694 9
2027 3640 2117 3700 (ib.
2149 3656 2207 3705 Ρ.
2237 3642 2350 3703 30).
2510 3641 2563 3706 2)
2622 3640 2708 3704 Cf.
2746 3643 2906 3706 capit.
2944 3655 2991 3695 35

667 3700 986 3773 Carimanni
1033 3724 1083 3761 a.
1125 3710 1246 3773 742,
1299 3723 1340 3761 c.
1379 3710 1425 3761 1.
1467 3712 1513 3762 6.
1555 3712 1585 3763 7
1626 3710 1826 3777 (Epist,
1864 3710 1976 3775 HI,
2016 3713 2121 3763 310
2146 3727 2290 3777 sqq.,·
2353 3710 2524 3777 Capit.
2564 3711 2612 3777 I,
2664 3712 2735 3765 25
2759 3715 2865 3777 sq.)
2885 3728 2908 3773 ;

665 3780 823 3845 capit.
861 3777 1130 3836 Suessiom
1169 3795 1210 3830 c.
1237 3781 1287 3833 3.
1326 3780 1361 3833 8
1400 3778 1494 3845 (ib.
1527 3797 1583 3847 Ρ.
1612 3783 1681 3835 29
1700 3782 1821 3847 sq).
1949 3781 2005 3849 3)
2044 3782 2124 3832 De
2161 3782 2467 3833 Aldebercto
2507 3782 2669 3833 Gallo
2705 3788 2752 3833 et
2794 3782 2905 3834 Cle-

664 3854 828 3899 mente
852 3848 1023 3901 Scotto
1047 3850 1326 3900 haereticis
1349 3850 1418 3913 cf.
1442 3851 1713 3914 Bonifatii
1731 3853 1987 3919 epistulas
2012 3854 2097 3905 57.
2124 3854 2211 3906 59.
2232 3855 2315 3905 60.
2344 3855 2429 3906 62.
2457 3856 2523 3907 77
2550 3854 2623 3921 (Ρ.
2646 3855 2753 3907 314
2768 3857 2907 3920 sqq.)

665 3920 738 3970 ad
786 3936 837 3970 a.
877 3920 980 3974 743
996 3922 1188 3974 —747.
1237 3923 1560 3985 pertinentes
1612 3926 1658 3971 et
1695 3926 1851 3988 capit.
1893 3924 2155 3975 Suession.
2194 3939 2235 3975 c.
2264 3926 2312 3977 2.
2341 3925 2372 3977 7
2412 3926 2476 3989 (l.
2516 3924 2547 3977 Ζ.
2578 3942 2637 3991 Ρ.
2666 3926 2735 3977 29
2760 3936 2908 3990 sq.);

663 3991 856 4057 quibus
904 3992 1096 4041 accedit
1145 3991 1336 4043 codicis
1381 4008 1645 4044 canonum
1694 3994 2149 4059 Wirziburqensis
2198 3994 2309 4060 Mp.
2362 3995 2435 4048 th.
2487 4012 2571 4061 qu.
2626 3997 2693 4049 31
2746 3999 2907 4059 (saec.
2942 4011 2992 4048 40

677 4061 845 4126 VIII)
897 4062 1085 4114 titulus
1135 4079 1187 4115 n.
1240 4064 1345 4117 21:
1402 4062 1482 4114 De
1535 4062 1789 4115 hereticis
1841 4063 2123 4117 Clemente
2178 4065 2265 4115 vel
2315 4062 2723 4117 Heldeberthto
2782 4066 2904 4135 (scr.

660 4130 1118 4201 Heldeberchto)‚
1183 4132 1250 4185 de
1312 4132 1629 4186 scismaticis
1686 4138 1741 4185 et
1796 4134 1863 4186 de
1919 4134 2129 4187 unitate
2186 4135 2447 4187 aeclesiae
2508 4137 2907 4203 (Niirnberyer,

662 4203 859 4256 ‘Ueber
911 4204 997 4255 die
1043 4204 1410 4270 Wiirzburyer
1463 4204 1832 4268 Hand-schrift
1880 4206 1975 4257 der
2027 4207 2261 4258 irisohen
2314 4208 2905 4274 Canonensammluny’,

663 4276 886 4327 ‘Archiv
921 4278 1023 4340 fiir
1059 4275 1409 4327 katholisches
1445 4276 1849 4328 Kirchenrecht’
1886 4278 2006 4342 LX,
2051 4280 2207 4341 1888,
2237 4294 2296 4343 p.
2322 4280 2394 4332 80
2408 4294 2432 4340 ,·
2468 4281 2535 4343 cf.
2566 4296 2623 4345 Ρ.
2656 4282 2725 4333 25
2751 4283 2906 4347 sqq).

660 4345 716 4413 4)
761 4346 910 4408 Quod
945 4348 1142 4399 crimen
1178 4348 1367 4397 iisdem
1404 4346 1472 4397 ab
1509 4349 1627 4412 ipso
1670 4348 1945 4412 Bonifatio
1982 4350 2199 4399 minime
2236 4350 2483 4401 obiectum
2519 4356 2610 4401 est.
2942 4364 2989 4403 45
