3167 5192
680 481 933 538 Lxxv1
1576 478 2036 562 ‚PRAEFATIO

694 664 852 731 otum
908 663 1086 730 lectio
1146 664 1494 746 depravata
1565 662 1938 728 dixerimus
2005 661 2285 744 intellecti
2347 663 2662 746 nequiret,
2732 662 2933 730 inter-

670 753 933 838 polator
991 752 1253 835 quidam
1312 752 1628 816 dedimus
1683 749 2018 816 coniecisse
2061 750 2310 816 videtur
2355 758 2540 834 atque
2592 759 2932 836 utramque

683 841 1005 908 lectionem
1052 848 1137 906 2a
1181 839 1458 906 servavit
1467 861 1493 922 ,·
1533 841 1884 922 yenuinam
1929 861 2098 904 unus
2142 840 2305 906 liber
2341 843 2456 905 2⁶12
2501 863 2533 906 e
2564 841 2931 906 coniectura

682 930 983 1012 exhibuit,
1052 931 1203 995 dum
1260 927 1493 1010 reliqui
1562 929 1802 1007 affines
1868 928 2038 1008 falso
2107 936 2450 995 correctam
2514 937 2928 1014 anteponunt.

681 1019 1004 1085 Brevitati
1049 1024 1256 1085 autem
1301 1017 1718 1100 interpolator
1762 1016 1868 1082 ille
1914 1038 2044 1082 non
2088 1017 2184 1082 ita
2230 1017 2488 1100 studui-t,
2536 1019 2695 1102 quin
2732 1021 2929 1084 verba
2965 1039 2991 1077 5

679 1109 997 1174 nonnulla
1040 1107 1236 1172 temtui
1267 1105 1660 1190 primiyenio
1703 1105 2216 1188 interposuisset:

816 1202 911 1274 II,
964 1205 1043 1262 12
1109 1202 1197 1277 (p.
1252 1202 1399 1271 195,
1434 1201 1571 1268 21).
1614 1203 1841 1260 vestris
1881 1203 2288 1272 orationibus,
2328 1204 2672 1260 comitante
2718 1205 2928 1279 gratia

1108 1284 1243 1365 Dei]
1284 1293 1314 1348 1
1352 1308 1478 1349 cum
1507 1290 1742 1364 Epist.;
1787 1310 1848 1347 v.
1898 1295 2054 1350 orat.
2095 1292 2632 1350 intercedentibus
2664 1294 2926 1368 pariter-

1109 1399 1229 1456 que
1277 1380 1632 1455 opitulante
1677 1399 1767 1456 gr.
1816 1380 1934 1438 Dei
1982 1382 2078 1438 2a.
2106 1380 2158 1438 b.
2185 1399 2231 1439 c.
2259 1380 2314 1439 d.
2343 1399 2408 1454 e;

816 1469 909 1540 II,
961 1472 1043 1528 28
1108 1469 1196 1543 (p.
1238 1471 1387 1538 212,
1424 1469 1514 1535 6).
1564 1486 1709 1526 cum
1743 1497 1831 1506 —-
1861 1470 2151 1527 resistere
2196 1471 2452 1538 vellent,
2501 1470 2613 1527 sed
2661 1471 2924 1528 minime
2963 1486 3012 1524 ιο

1106 1547 1521 1634 prevalerent]
1548 1557 1637 1615 ita
1667 1559 1722 1616 1.
1752 1559 1811 1616 3.
1841 1559 1911 1616 3c
1926 1579 1948 1630 ;
1979 1559 2361 1616 conscientia
2393 1563 2606 1616 reatus
2641 1559 2924 1634 depressi

1097 1652 1234 1721 post
1279 1647 1391 1704 sed
1438 1647 1571 1704 add.
1626 1648 1722 1705 2a.
1750 1646 1802 1704 b.
1827 1664 1875 1704 c.
1906 1645 2026 1714 (cl).
2059 1661 2111 1716 e,

680 1737 867 1812 atque
898 1729 1242 1812 privilegio
1285 1727 1650 1794 Zachariae
1694 1728 2009 1794 Fuldensi
2055 1728 2186 1809 (II,
2242 1728 2346 1810 15)
2394 1735 2578 1795 notas
2624 1729 2924 1811 temporis

680 1818 984 1884 adiunxit
1025 1840 1058 1882 e
1104 1817 1307 1899 capite
1352 1819 1768 1900 praecedente
1827 1819 2242 1900 depromptas,
2303 1839 2464 1900 quae
2523 1840 2564 1882 a
2625 1819 2835 1884 codice
2885 1826 2917 1883 1

680 1908 846 1972 iusto
920 1907 1063 1971 iure
1129 1909 1375 1971 absunt.
1491 1906 1792 1971 Attamen
1858 1906 2048 1971 etiam
2118 1906 2271 1972 libri
2346 1914 2375 1970 1
2447 1909 2680 1972 menda
2747 1907 2926 1973 haud
2960 1931 3008 1970 ιε

669 2017 888 2078 pauca
932 1997 1020 2060 ad
1062 1995 1300 2061 codices
1347 2002 1385 2060 2
1432 1995 1762 2060 emendari
1808 1994 1967 2060 licet.

896 2085 1006 2148 Ex
1063 2084 1327 2150 alterius
1386 2083 1612 2149 classis
1670 2083 1986 2150 codicibus
2055 2090 2158 2150 2a.
2204 2086 2296 2150 al.
2339 2079 2455 2150 a1*.
2501 2081 2640 2150 a1**.
2687 2087 2778 2149 αἳ.
2823 2081 2920 2150 a2‘

681 2180 831 2240 arta
875 2172 1331 2239 necessitudine
1374 2172 1544 2237 inter
1589 2194 1654 2238 se
1701 2172 2020 2238 coniuncti
2062 2179 2228 2254 sunt,
2289 2180 2476 2255 atque
2533 2173 2729 2238 libros
2784 2175 2919 2238 2a1.

680 2259 799 2327 a1*.
837 2257 959 2327 αι’*
1007 2283 1084 2326 eoe
1128 2264 1337 2326 eodeni
1395 2262 1746 2345 eoeeniplari
1789 2262 1998 2344 maqis
2043 2264 2383 2344 depravato
2441 2262 2786 2344 descriptos
2844 2284 2924 2328 ex

678 2351 822 2436 ipso
890 2357 977 2416 2a
1030 2353 1309 2451 pendere
1375 2350 1513 2414 veri
1578 2351 1786 2415 simile
1853 2357 1972 2431 est,
2051 2353 2200 2416 dum
2269 2350 2422 2416 libri
2491 2353 2625 2416 2a‘2.
2673 2349 2770 2415 αἳ*
2833 2353 2923 2416 ad
2957 2379 3006 2416 20

680 2440 999 2550 eoeemplar
1043 2439 1332 2520 quamvis
1376 2439 1583 2504 simile
1613 2461 1811 2520 neque
1845 2461 1990 2504 vero
2018 2439 2226 2522 ipsum
2259 2445 2344 2505 2a
2376 2441 2656 2505 redeunt.
2727 2439 2922 2505 Libri

682 2535 775 2594 2e.
809 2551 883 2609 e,
932 2550 964 2594 e
1009 2528 1236 2610 quibus
1280 2530 1441 2593 alter
1485 2549 1563 2592 esc
1607 2529 1803 2593 altero
1849 2528 2110 2594 mininie
2155 2528 2505 2610 exscriptus
2549 2536 2655 2610 est,
2707 2530 2920 2594 eodem

676 2620 857 2683 modo
871 2617 1121 2700 passim
1146 2617 1427 2700 corrupti
1450 2624 1507 2682 et
1529 2617 1900 2701 interpolati
1922 2624 2088 2699 sunt,
2121 2619 2211 2683 ad
2231 2617 2550 2700 eoeemplar
2572 2618 2914 2699 referendi,

676 2708 845 2788 quod
886 2706 1287 2788 aliquatenus
1333 2709 1423 2770 ad
1450 2707 1529 2770 2b
1577 2708 1907 2771 accedebat
1951 2705 2069 2788 (cf.
2101 2727 2304 2790 supra
2343 2728 2414 2789 p.
2447 2705 2745 2788 LXXV,
2773 2706 2915 2788 25).

902 2794 1144 2860 Classis
1190 2795 1377 2860 tertia
1422 2795 1596 2860 omni
1640 2796 1777 2876 fere
1824 2795 2196 2860 auctoritate
2242 2802 2430 2875 caret,
2485 2794 2712 2877 quippe
2757 2815 2919 2876 quae
2954 2822 3004 2862 25

678 2891 847 2949 textu
914 2891 943 2947 1
1008 2883 1207 2948 simili
1270 2905 1408 2948 cum
1478 2884 1685 2950 codice
1747 2883 2003 2966 yeneris
2073 2886 2161 2948 2d
2226 2885 2446 2949 collato
2513 2890 2700 2965 atque
2761 2906 2917 2950 com·

676 2972 874 3036 niioeto
943 2979 1083 3037 orta
1165 2972 1279 3055 sit,
1362 2972 1459 3036 ita
1538 2979 1610 3036 ut
1688 2975 1868 3038 modo
1951 2994 2091 3038 cuni
2171 2973 2285 3036 boc
2350 2975 2530 3037 niodo
2601 2995 2740 3038 eum
2807 2973 2918 3038 illo

676 3061 903 3141 faciat.
998 3061 1225 3143 Itaque
1260 3024 1475 3126 'codeoe
1521 3068 1558 3124 3
1621 3068 1693 3126 ut
1747 3083 1882 3126 una
1943 3083 2082 3128 cum
2134 3069 2166 3125 1
2227 3061 2439 3143 capita
2494 3061 2599 3142 II,
2656 3069 2917 3126 10.11.

677 3150 968 3231 servavit,
1029 3171 1191 3249 quae
1236 3149 1309 3214 in
1356 3150 1540 3215 libris
1589 3157 1627 3215 2
1677 3150 1912 3216 omissa
1957 3157 2121 3230 sunt,
2182 3149 2277 3215 ita
2337 3171 2530 3232 aeque
2589 3156 2772 3232 atque
2835 3151 2924 3215 2d

678 3238 752 3303 in
790 3238 1295 3324 praescriptione
1340 3239 1549 3322 operis
1597 3261 1824 3304 nomen
1882 3239 2163 3305 auctoris
2222 3238 2466 3304 exhibet
2521 3238 2594 3303 in
2651 3239 2922 3321 reliquis
2957 3270 3006 3308 ao

677 3327 879 3392 codici
881 3330 994 3393 bus
1046 3327 1346 3392 oblivioni
1398 3330 1616 3392 clatum
1673 3350 1871 3411 neque
1931 3327 2294 3393 additamen
2302 3334 2430 3392 tum
2493 3325 2586 3392 ‘de
2645 3329 2921 3394 adventu

677 3416 1038 3496 Bonifatii'
1106 3416 1178 3481 in
1248 3418 1414 3482 calce
1482 3416 1899 3499 desideratur,
1976 3417 2144 3499 quod
2214 3416 2362 3481 item
2428 3416 2504 3480 in
2573 3419 2661 3481 2d
2732 3416 2918 3482 redit.

681 3505 761 3570 N
752 3505 1188 3571 ecessitudinis
1234 3528 1372 3570 cum
1417 3507 1627 3571 eodem
1673 3506 1834 3571 libro
1879 3505 2324 3571 intercedentis
2381 3505 2537 3571 baec
2583 3512 2920 3589 praeterea

678 3595 959 3676 exempla
1005 3594 1241 3673 afferre
1287 3594 1469 3660 libet:

903 3688 960 3759 I,
1014 3690 1043 3746 1
1112 3690 1198 3764 (p.
1266 3691 1411 3760 118,
1453 3692 1590 3758 32).
1653 3691 2040 3748 monasticae
2099 3691 2268 3747 vitae
2328 3682 2498 3763 ordo]
2571 3691 2921 3748 monastice
2957 3713 3004 3753 ³⁶

1105 3774 1516 3851 (monasticus
1568 3774 1632 3848 3)
1678 3780 1830 3837 ordo
1876 3775 2067 3850 (vitae
2113 3773 2250 3850 om.)
2299 3778 2396 3837 2d.
2450 3780 2508 3837 3.
2562 3780 2658 3836 3a.
2686 3778 2832 3851 b.c;

931 3867 1008 3926 ib.
1105 3867 1177 3933 (l.
1228 3869 1363 3935 33).
1425 3868 1850 3944 fratribusque
1911 3855 2415 3945 commendatus]
2474 3885 2595 3943 que
2656 3885 2766 3926 om,
2819 3867 2917 3926 2d.

1109 3959 1166 4014 3.
1219 3959 1315 4015 3a.
1343 3957 1393 4015 b.
1421 3974 1450 4015 c
1464 3979 1485 4029 ;

902 4043 959 4114 Ι,
1012 4047 1047 4102 2
1114 4045 1201 4119 (p.
1257 4047 1401 4115 119,
1437 4047 1574 4112 24).
1623 4047 1780 4103 illud
1828 4037 2153 4120 sapientis]
2215 4045 2302 4103 ita
2355 4047 2409 4103 1.
2463 4043 2559 4103 2d.
2613 4046 2671 4102 3.
2724 4043 2922 4116 3a.b;

1108 4135 1440 4192 cuiusdam
1488 4135 1733 4192 dictum
1779 4133 1912 4192 add.
1967 4136 2062 4192 2a.
2091 4135 2141 4192 b.
2169 4151 2216 4192 c.
2243 4152 2309 4206 e;
2954 4161 3004 4199 40

904 4221 961 4292 I,
1013 4223 1048 4281 5
1116 4223 1201 4297 (p.
1257 4225 1404 4293 121,
1439 4223 1577 4290 29).
1624 4224 2070 4298 predicationis
2117 4223 2239 4280 sibi
2284 4226 2529 4296 pateret
2558 4209 2752 4297 locus]
2798 4222 2919 4279 sibi

1109 4330 1218 4369 om.
1270 4312 1367 4370 2d.
1420 4314 1478 4370 3.
1530 4313 1629 4370 3a.
1657 4311 1688 4370 b
1703 4334 1723 4383 ;
1769 4312 2000 4369 alicubi
2035 4330 2152 4385 pro
2200 4312 2317 4368 sibi
2367 4312 2474 4383 305

860 4398 921 4470 Ι,
974 4402 1052 4458 16
1119 4400 1207 4475 (p.
1270 4402 1415 4470 130,
1455 4401 1549 4469 2).
1613 4405 1686 4458 ut
1743 4419 1890 4459 eum
1949 4402 2017 4457 in
2079 4401 2373 4458 omnibus
2433 4399 2920 4459 necessitatibus

1108 4478 1443 4567 adiuvetis]
1493 4507 1642 4548 eum
1687 4507 1797 4548 om.
1848 4489 1946 4549 2d.
1998 4491 2058 4546 3.
2108 4489 2220 4561 3b;
