3167 5192
671 460 744 515 66
991 454 1183 512 VITA
1219 452 1625 512 BONIFATII
1658 452 2019 511 AUCTORE
2054 452 2567 509 WILLIBALDO.

672 640 1026 722 triumpho
1079 640 1575 714 remuneratae,
1640 638 1963 722 migravit
2022 640 2114 703 ad
2159 638 2553 715 Dominum,
2622 637 2735 701 cui
2798 638 2916 701 est

673 728 892 793 honor
937 731 1008 791 et
1052 726 1274 810 gloria
1315 727 1390 789 in
1437 725 1671 791 secula
1712 726 2121 791 seculorum.
2212 729 2504 792 Amen⁸.

673 900 780 987 (9).
877 897 1344 987 [Qualiterb
1397 904 1485 966 in
1543 904 1774 982 locO,
1826 903 1974 969 ubi
2022 909 2491 990 martyrum
2538 902 2913 987 sanguis

674 994 1025 1059 effusus
1072 996 1236 1069 est,
1291 992 1729 1058 ecclesiae
1788 997 2297 1077 paraturam
2352 993 2911 1078 exploranti-

1150 1081 1345 1146 bus⁰
1401 1083 1599 1146 fons
1654 1082 1907 1146 vivus
1962 1077 2419 1167 apparuit].
2954 1102 2985 1141 5

885 1188 1324 1253 Enumeratis
1384 1188 1601 1271 igitur
1645 1188 1835 1253 beati
1879 1188 2010 1252 viri
2068 1190 2299 1273 gestis,
2362 1189 2611 1273 quibus
2672 1190 2749 1251 in
2808 1188 2907 1250 in-

671 1278 898 1342 fantia
957 1281 1027 1342 et
1096 1278 1394 1361 pueritia
1453 1277 1564 1341 vel
1634 1272 2141 1342 adolescentiad
2209 1281 2280 1343 et
2346 1278 2711 1343 iuventute
2780 1280 2906 1340 aut

673 1366 883 1431 etiam
927 1366 1003 1429 in
1048 1368 1404 1431 senectute
1450 1366 1795 1443 floruerat,
1848 1366 1935 1429 ad
1982 1386 2081 1444 ea,
2130 1388 2305 1449 quae
2352 1371 2508 1452 post
2555 1385 2905 1431 emensam

674 1455 881 1518 huius
926 1455 1168 1518 mundi
1215 1457 1469 1519 metam
1517 1459 1627 1519 et⁰
1681 1455 1957 1519 felicem
2004 1455 2187 1519 vitae
2241 1456 2441 1520 istius
2457 1449 2485 1492 f
2537 1457 2905 1520 decursum

674 1543 1119 1608 mirabiliter⁰
1175 1543 1310 1607 adg
1360 1546 1706 1608 nuendam
1726 1544 1751 1581 1
1810 1544 2216 1609 mortalibus
2276 1544 2465 1609 beati
2528 1545 2658 1608 viri
2718 1544 2904 1607 vitae
2951 1564 3009 1602 ιο

673 1633 1136 1709 sanctitatem,
1186 1632 1484 1697 Domino
1518 1635 1947 1717 cooperante,
1997 1637 2277 1717 peracta
2308 1638 2489 1709 sunt,
2538 1634 2902 1698 redeamus

673 1726 745 1784 et
792 1714 1275 1786 memorabileh
1331 1722 1674 1803 quoddam
1721 1720 2130 1785 miraculum
2176 1715 2620 1807 populisquei
2680 1722 2902 1785 imita-

670 1804 856 1874 bilek
891 1810 981 1873 ad
1027 1810 1421 1874 memoriam
1466 1811 1879 1875 reducimus.
1960 1809 2159 1889 Quod
2206 1816 2277 1875 et
2322 1832 2364 1875 a
2409 1812 2709 1894 glorioso
2742 1830 2904 1893 rege

671 1898 986 1982 Pippino,
1047 1898 1244 1975 sicut,
1307 1899 1474 1981 ipsis
1527 1900 1660 1964 sibi
1703 1899 2183 1977 referentibus,
2253 1901 2372 1983 qui
2443 1893 2641 1964 huicl
2716 1919 2910 1983 prae·

671 1990 900 2051 sentes
947 1988 1146 2051 erant
1191 1988 1594 2065 miraculom,
1658 1992 2059 2072 conpertum
2116 1992 2289 2064 estu,
2352 1989 2439 2052 ad
2500 2009 2624 2051 nos
2683 2007 2908 2071 usque
2947 2007 3003 2046 ιε

672 2096 794 2159 per
837 2075 1301 2141 venerabilem
1346 2077 1570 2139 virum
1617 2077 1790 2141 Lul⁰
1846 2078 2239 2161 episcopum
2296 2077 2604 2141 delatum
2652 2082 2759 2141 est
2805 2081 2907 2140 at·

672 2184 802 2247 que
862 2164 981 2240 ita,
1042 2164 1192 2248 ipso
1238 2166 1626 2243 nuntiante,
1683 2166 2115 2229 intimatum:
2179 2168 2361 2249 quod
2410 2166 2486 2229 in
2542 2165 2714 2242 loco,
2780 2165 2909 2229 ubi

669 2254 1015 2333 quondam
1062 2255 1400 2337 pretiosus
1432 2254 1654 2318 sancti
1684 2256 2001 2339 martyris
2035 2254 2291 2319 effusus
2340 2258 2558 2319 essetP
2598 2255 2907 2337 sanguiS,

673 2360 827 2403 cum
889 2341 1173 2405 consilio
1243 2340 1464 2425 plebis
1532 2346 1739 2425 atque
1800 2344 2101 2427 ingentis
2160 2344 2376 2427 partis
2445 2343 2686 2427 populi
2750 2343 2909 2406 Fre-

671 2448 912 2493 sonum
980 2432 1328 2493 structura
1405 2431 1759 2494 cuiusdam
1824 2432 2084 2496 tumuli
2150 2428 2447 2516 propter*
2506 2432 2901 2496 inmensas‘l
2948 2452 3001 2490 20

614 2567 618 2571 .
670 2516 936 2581 ledonis
996 2537 1074 2581 ac
1135 2517 1434 2583 malinae
1493 2520 1943 2604 inruptioneS,
2014 2542 2189 2604 quae
2250 2522 2516 2586 diverso
2585 2521 2771 2584 inter
2828 2540 2907 2583 se

671 2606 908 2671 ordine
956 2606 1161 2670 maris
1211 2612 1478 2672 aestum
1511 2610 1884 2691 oceanique
1916 2631 2191 2674 cursum
2208 2616 2261 2685 ¹,
2310 2612 2430 2675 sed
2462 2614 2533 2675 et
2565 2630 2907 2691 aquarum

673 2695 1162 2760 diminutiones
1208 2696 1723 2781 infusionesque
1771 2702 2201 2763 commovent
2221 2700 2263 2773 2,
2323 2698 2411 2763 ab
2457 2700 2596 2763 imo
2658 2699 2734 2761 in
2796 2718 2907 2761 ex-

672 2782 929 2847 celsum
975 2804 1191 2867 usque
1239 2791 1787 2865 construeretur3
1848 2808 2054 2872 super
2100 2808 2303 2870 quem
2350 2788 2643 2870 denique
2692 2787 2908 2872 eccle-

671 2870 860 2948 siam,
911 2872 1090 2937 sicut
1137 2878 1377 2957 postea
1423 2879 1694 2959 gestum
1744 2881 1866 2954 est,
1918 2879 2265 2941 exstruere
2327 2875 2728 2960 cogitabant
2750 2876 2775 2913 3
2820 2895 2904 2938 ac
2947 2893 3001 2933 25

883 3066 920 3106 Ι.
967 3068 1102 3115 Capp-
1123 3068 1164 3106 8.
1185 3066 1226 3107 9.
1283 3068 1323 3106 1.
1353 3066 1422 3107 aa.
1444 3068 1484 3106 b.
1505 3079 1542 3107 c.
1573 3068 1613 3107 3.
1642 3066 1684 3107 4.

670 3140 716 3186 ι)
749 3138 813 3176 ita
848 3138 978 3185 rell.,·
1013 3150 1096 3178 om.
1137 3140 1192 3185 1;
1231 3138 1429 3177 desinunt
1465 3138 1552 3177 2d1.
1594 3137 1663 3178 3⁸.
1705 3140 1774 3179 51³.
1808 3138 1951 3177 ⁶¹·2·¹³.
2114 3138 2161 3189 b)
2202 3139 2264 3177 ita
2300 3140 2340 3178 3.
2378 3138 2420 3177 4.
2457 3136 2545 3185 4⁰2·
2577 3147 2775 3185 praescr.
2814 3147 2903 3175 om.

669 3192 842 3238 (vacant
869 3202 1017 3231 vorsus
1043 3202 1154 3230 unus
1182 3194 1221 3241 1,
1251 3196 1338 3231 tres
1364 3192 1433 3241 2a,
1463 3196 1669 3241 qumana»-
1695 3193 1769 3241 21»)
1796 3195 1837 3231 1.
1867 3192 1935 3231 2α.
1957 3192 1997 3231 b.
2018 3204 2054 3230 c.
2084 3192 2154 3232 δα.
2275 3192 2317 3242 c)
2344 3192 2406 3229 aa
2432 3192 2485 3237 3,-
2514 3201 2597 3229 om.
2626 3190 2682 3229 4a
2710 3194 2749 3227 et
2776 3200 2905 3227 versu

671 3254 740 3285 σω.
768 3245 810 3285 4.
936 3245 980 3296 d)
1014 3245 1198 3286 adolisc.
1231 3256 1287 3283 m.
1317 3245 1377 3284 al.
1406 3256 1523 3285 corr.
1553 3244 1751 3285 adulesc.
1780 3245 1849 3294 2a,
1880 3249 1917 3283 et
1946 3246 2007 3283 ita
2035 3247 2075 3284 3.
2202 3243 2247 3295 e)
2281 3250 2326 3284 et
2356 3266 2404 3273 —-
2434 3243 2701 3283 mirabiliter
2732 3254 2815 3281 om.
2848 3243 2904 3280 2α

670 3300 761 3347 (pr.
791 3302 888 3347 m.).
919 3299 959 3337 b.
989 3310 1024 3339 c.
1161 3298 1196 3347 f)
1238 3298 1394 3349 :istius,
1422 3309 1512 3337 ras.
1543 3299 1572 3337 h
1600 3298 1643 3338 3.
1766 3298 1815 3348 g)
1850 3299 1949 3337 mir.
1980 3298 2263 3337 annuendam
2290 3297 2332 3337 3.
2360 3298 2411 3348 45
2450 3296 2509 3336 ad
2536 3294 2809 3336 innuendam
2838 3297 2901 3334 20.
2944 3298 3001 3337 30

671 3350 720 3399 h)
749 3352 1006 3391 memoriale
1034 3353 1089 3391 2α
1114 3353 1205 3401 (pr.
1235 3354 1333 3401 m.).
1363 3352 1388 3389 b
1415 3353 1521 3397 (non
1548 3353 1631 3401 2⁶).
1740 3352 1775 3402 i)
1808 3352 2092 3401 populusque
2119 3352 2187 3401 2a‚
2214 3362 2331 3391 corr.
2440 3350 2491 3400 k)
2530 3352 2593 3389 ita
2618 3350 2773 3395 eodd.,·
2802 3359 2901 3387 con-

657 3406 856 3445 iecerunt
875 3406 1120 3445 intimabile
1139 3406 1310 3444 Simeon
1329 3417 1380 3454 p.
1397 3406 1464 3455 94,
1484 3417 1528 3445 n.
1545 3406 1586 3455 2,
1617 3406 1819 3445 mirabile
1839 3405 2013 3443 Oelsner
2023 3416 2075 3453 p.
2100 3406 2191 3453 181,
2219 3416 2262 3443 n.
2282 3405 2311 3443 4
2338 3405 2416 3452 (cs.
2430 3416 2481 3453 p.
2503 3402 2571 3451 53,
2593 3404 2665 3443 18:
2696 3402 2903 3441 mirabile

671 3460 820 3498 statim
847 3469 900 3499 ac
927 3459 1214 3499 memorabile
1243 3480 1293 3488 —
1321 3459 1614 3507 miraculum).
1724 3458 1759 3509 l)
1789 3458 1853 3497 ibi
1879 3460 2013 3505 (eras.
2043 3458 2119 3507 za)
2138 3469 2227 3507 pro
2254 3458 2360 3496 huic
2388 3459 2456 3497 2a.
2479 3457 2518 3494 b.
2540 3468 2576 3495 c.
2678 3455 2739 3505 m)
2769 3456 2903 3494 mira-

672 3512 773 3551 cula
808 3514 848 3551 1.
984 3514 1032 3560 n)
1068 3517 1114 3551 et
1149 3512 1251 3551 add.
1281 3506 1330 3551 1.
1359 3513 1427 3551 120.
1564 3514 1611 3560 o)
1646 3512 1823 3550 Lullum
1861 3512 1923 3550 20.
2058 3514 2105 3560 p)
2148 3516 2215 3549 est
2254 3512 2291 3549 1.
2428 3510 2478 3561 q)
2517 3509 2727 3548 inmensis
2766 3508 2899 3561 (corr.

671 3565 913 3614 hamenses)
939 3587 991 3595 —
1018 3566 1290 3615 inruptionis
1317 3565 1386 3605 40.
1495 3569 1536 3613 r)
1563 3576 1697 3605 eursu
1726 3567 1765 3615 1,
1794 3576 1940 3612 corr.;
1968 3574 2196 3603 :zzcursum
2224 3562 2354 3605 sedat
2380 3575 2483 3612 aqu.
2512 3562 2554 3601 3.
2945 3564 2998 3603 ³5

674 3724 726 3790 1)
778 3724 825 3778 Ι.
876 3740 918 3778 e.
973 3725 1046 3776 ad
1095 3725 1434 3775 adnuendam
1485 3725 1572 3792 (cf.
1626 3726 1799 3788 θυαε,
1854 3724 2059 3792 Corpus
2110 3724 2336 3789 ylo-sear.
2388 3723 2575 3776 Latin.
2619 3721 2713 3787 VI,
2754 3722 2899 3789 751),

667 3796 1078 3859 affirmandam.
1223 3798 1278 3860 2)
1311 3796 1475 3862 Beda,
1511 3796 1593 3848 De
1627 3802 1919 3863 temporum
1954 3797 2163 3847 ratione
2214 3810 2255 3846 c.
2293 3796 2362 3849 29
2404 3792 2603 3861 (Opera
2640 3794 2717 3847 ed.
2760 3793 2904 3844 Giles

681 3866 776 3931 VI,
815 3867 941 3933 202)
961 3882 980 3917 .·
1030 3863 1106 3917 Et
1142 3868 1445 3918 crescentes
1481 3866 1679 3935 (aestus
1714 3866 1918 3935 oceani)
1972 3864 2191 3933 quidem
2230 3864 2473 3931 malinae,
2525 3862 2903 3917 decrescentes

666 3940 857 3989 autem
892 3936 1100 4003 placuit
1135 3936 1415 4003 appellare
1451 3935 1691 4003 ledones,
1732 3937 1839 4005 qui,
1880 3938 2181 3989 alternante
2205 3952 2305 4003 per
2329 3938 2582 4003 septenos
2608 3937 2902 3987 octonosve

663 4006 786 4059 dies
823 4022 1088 4074 successu,
1125 4024 1368 4059 mensem
1406 4008 1549 4060 inter
1584 4024 1641 4061 se
1678 4024 1949 4075 quemque
1998 4005 2359 4074 quadriformi
2407 4022 2535 4059 suae
2584 4004 2903 4057 mutationis
2940 4021 2998 4058 40

661 4078 936 4131 varietate
991 4077 1346 4146 dispertiunt3
1407 4080 1486 4130 De
1533 4085 1737 4131 natura
1790 4095 1975 4131 rerum
2023 4094 2064 4131 c.
2102 4080 2171 4133 39
2228 4078 2319 4143 (ib.
2363 4094 2422 4145 p.
2464 4079 2588 4145 116)
2605 4095 2624 4129 .·
2680 4076 2902 4144 eiusque

667 4150 896 4219 (oceani)
935 4150 1112 4202 omnis
1150 4166 1338 4203 cursus
1375 4148 1431 4201 in
1468 4148 1691 4201 ledones
1728 4152 1783 4201 et
1818 4148 2063 4215 malinas,
2114 4148 2171 4201 id
2209 4152 2291 4201 est
2325 4147 2382 4199 in
2433 4148 2673 4200 minores
2700 4146 2902 4200 *aestus

665 4220 936 4274 dividitur
959 4225 1016 4275 et
1039 4222 1287 4276 maiores
1411 4222 1466 4286 3)
1512 4222 1593 4285 Cf.
1633 4222 1693 4275 V.
1718 4220 1979 4286 Liudyeri
2014 4228 2149 4275 auct.
2176 4220 2427 4283 Altfrw'do
2452 4220 2499 4285 I,
2529 4221 2594 4273 17
2620 4219 2757 4285 [15]
2784 4217 2900 4286 (SS.

672 4290 754 4358 II,
794 4294 932 4352 408,·
981 4294 1265 4359 Diekamp,
1320 4290 1844 4358 ‘Geschichtsquellen
1892 4291 1981 4343 des
2016 4291 2296 4343 Bisthums
2330 4290 2595 4342 Manster'
2632 4289 2740 4353 IV,
2779 4290 2900 4358 20:

672 4362 950 4426 (Alb-icus
997 4366 1270 4431 episcopus
1313 4363 1659 4427 coloniensis)
1696 4360 1977 4414 constituit
2014 4378 2138 4415 eum
2177 4360 2459 4414 doctorem
2496 4359 2902 4414 aecclesiae
2936 4372 2993 4411 45

673 4432 732 4483 in
767 4450 911 4501 pago
951 4432 1248 4487 Ostrachae
1283 4433 1342 4485 in
1378 4433 1519 4500 loco,
1557 4431 1653 4486 ubi
1690 4436 1907 4485 sanctus
1941 4431 2257 4501 Bonifacius
2298 4436 2379 4486 est
2421 4434 2711 4484 coronatus
2762 4447 2900 4483 mar-
