3167 5192
686 506 938 563 LXXIV
1573 503 2037 563 PRAEFATIO.

689 689 862 771 tinet,
921 709 1082 754 saec.
1149 688 1329 753 XII.
1389 693 1725 753 exaratum
1782 694 1967 769 atque
2024 686 2251 751 ordine
2307 686 2559 753 inverso
2620 688 2932 754 volumini

689 777 996 843 insertum
1057 777 1142 860 (p.
1195 783 1340 859 114,
1383 782 1424 840 4
1445 782 1681 858 -117,
1736 776 1882 856 10).·
1939 779 2255 842 doctores
2300 777 2374 841 in
2428 778 2796 861 euangelio
2846 813 2927 823 —

689 902 779 911 -—
836 888 1088 931 munus
1144 867 1288 931 tale
1357 867 1635 932 laboris.
1741 865 1845 931 De
1910 864 2049 948 ipso
2114 864 2245 947 eyit
2300 866 2401 929 M.
2464 866 2927 948 Manitius,

693 955 803 1020 ‘N.
849 956 1072 1021 Archi
1122 954 1492 1036 XXVIII,
1530 960 1678 1019 734.

907 1041 969 1128 3)
1039 1043 1248 1110 Codex
1304 1042 1939 1123 Rebdorfensis‚
2010 1064 2131 1125 quo
2188 1063 2343 1107 usus
2406 1042 2712 1109 Canisius
2778 1064 2997 1126 opuss

701 1132 911 1199 Otlohi
972 1132 1220 1215 publici
1293 1132 1462 1198 iuris
1534 1131 1717 1213 fecit,
1798 1130 1984 1197 hodie
2058 1132 2227 1196 latet.
2348 1131 2933 1213 Praescriptionem

691 1221 961 1287 similem
1005 1228 1190 1304 atque
1235 1223 1326 1287 2d
1363 1220 1440 1286 in
1484 1221 1697 1301 fronte
1740 1220 2042 1287 habebat:
2086 1222 2347 1305 Incipit
2376 1222 2702 1306 prologus
2732 1243 2932 1287 vene-

690 1312 932 1376 rabilis
978 1312 1357 1396 presbyteri
1405 1310 1697 1377 othloni
1756 1315 1828 1375 et
1888 1310 2309 1375 m.1saneffi
2366 1311 2680 1375 coenobii
2727 1312 2932 1376 Boni-

691 1401 858 1465 facii
903 1402 978 1464 in
1021 1402 1236 1465 vitam
1297 1401 1532 1485 ipsius,
1594 1398 1878 1480 idemque
1932 1398 2434 1463 additamentum
2483 1397 2577 1463 ‘de
2634 1400 2931 1464 adventu'

691 1488 900 1555 sancti
942 1488 1018 1553 in
1063 1489 3023 1555 calce-1⁰
3146 1510 3155 1537 ··

908 1575 1012 1660 3a)
1072 1577 1280 1643 Codex
1323 1575 1864 1642 Monacensis
1920 1598 1985 1641 n.
2038 1581 2185 1656 701,
2247 1598 2409 1642 saec.
2462 1575 2666 1659 XIV,
2730 1576 2933 1642 lectio-

581 1736 587 1743 ,
691 1667 956 1732 narium
1022 1666 1507 1732 ecclesiasticum
1575 1664 1864 1746 continet,
1921 1664 2118 1747 pictis
2180 1664 2408 1730 litteris
2462 1664 2831 1747 primariis,
2902 1686 2935 1729 e

693 1756 920 1838 quibus
992 1778 1128 1821 una
1203 1755 1527 1819 homiliam
1602 1716 1927 1836 quanddm
1993 1752 2215 1819 Bedae
2288 1755 2523 1819 ducens
2594 1754 2708 1833 fol.
2782 1760 2931 1819 395

693 1844 1039 1927 imayinem
1097 1844 1394 1909 monachi
1451 1842 1726 1924 exbibet,
1796 1843 2024 1908 addita
2082 1841 2531 1925 inscriptione:
2596 1843 2937 1927 Magister

695 1934 1088 1998 Hainrious.
1198 1933 1385 1997 Inter
1452 1932 1743 1997 lectiones
1810 1953 1843 1996 e
1903 1931 2068 1997 Vitis
2136 1938 2497 1996 sanctorum
2562 1931 2935 2014 exscriptae,
2974 1959 3021 1999 ιε

694 2043 854 2103 quae
913 2021 1078 2100 folia
1143 2028 1324 2085 55-
1243 2056 1324 2077 -.-
1347 2020 1500 2085 253’
1503 2069 1518 2083 .
1579 2027 1902 2103 occupant,
1967 2021 2079 2101 fol.
2128 2026 2213 2084 83
2220 2025 2435 2086 ‘—85.
2508 2020 2718 2085 Otlohi
2778 2020 2941 2086 liber

697 2203 768 2264 et
814 2200 1038 2283 passio
1085 2200 1308 2264 sancti
1355 2199 1701 2264 Bonifaoii
1746 2199 2243 2284 archiepiscopi
2290 2203 2360 2264 etz
2406 2194 2768 2282 martyris).

911 2284 1018 2368 sb)
1087 2287 1298 2353 Codex
1358 2286 1731 2352 monasterii
1798 2286 2128 2353 cuiusdam
2187 2287 2935 2369 NorinberyensiS,

695 2397 816 2458 quo
871 2376 1214 2442 Cochlaeus
1267 2398 1329 2440 a.
1385 2382 1576 2440 1519.
1632 2397 1787 2441 usus
1830 2383 1934 2457 est,
1983 2376 2167 2441 hodie
2212 2377 2380 2441 latet.
2974 2405 3027 2444 πο

911 2461 1014 2548 3c)
1095 2465 1304 2531 Codex
1368 2464 2020 2548 Bamberyensis
2094 2466 2178 2530 E.
2241 2465 2393 2530 III.
2457 2473 2517 2543 9,
2596 2464 2701 2531 cui
2776 2485 2939 2549 opus

567 2596 572 2599 -
612 2522 618 2529 ⁸
695 2555 998 2619 Andreae
1059 2553 1310 2619 abbatis
1353 2552 1550 2635 (1483
1564 2549 1853 2637 -1502)
1900 2556 1975 2619 de
2019 2554 2260 2619 sanctis
2318 2554 2569 2619 ordinis
2614 2554 2683 2619 S.
2732 2552 2939 2618 Bene·

694 2643 850 2709 dicti
893 2642 1060 2708 inest
1118 2639 1206 2720 (v.
1253 2664 1452 2725 supra
1510 2645 1643 2709 cod.
1692 2639 1845 2726 2e*),
1905 2641 2075 2707 inter
2132 2642 2448 2724 episcopos
2506 2649 2564 2707 et
2620 2649 2940 2725 martyres

695 2733 810 2811 fol.
875 2731 1212 2797 65‘—68‘.
1276 2731 1487 2797 Vitam
1545 2730 1880 2812 Bonifatii
1938 2730 2213 2796 continet
2268 2726 2581 2813 (praescr.
2637 2732 2938 2797 Sanetus

698 2818 1120 2900 Bonifacius)
1135 2874 1150 2899 ,
1235 2822 1571 2886 admodum
1638 2820 2041 2885 immutatam
2106 2826 2165 2885 et
2231 2822 2640 2901 decurtatam,
2710 2819 2811 2885 ita
2869 2826 2943 2885 ut
2976 2848 3028 2887 25

695 2909 999 2991 inprimis
1056 2909 1208 2974 libri
1254 2910 1508 2991 prioris
1565 2931 1617 2975 c.
1671 2915 1796 2973 1—
1814 2916 1873 2972 5.
1943 2915 2236 2973 10—15.
2298 2913 2606 2990 22-23,
2670 2908 2942 2974 alterins

697 3020 749 3064 c.
797 3003 881 3061 21
899 3032 980 3043 -
1001 3004 1105 3061 30.
1169 3005 1270 3063 33.
1341 2998 1575 3079 adsint,
1644 2997 1799 3063 aliis
1865 2997 2133 3063 breviter
2188 2997 2428 3063 relatis.
2547 2996 2758 3062 Codex
2816 3018 2939 3078 quo

695 3087 1000 3151 Andreas
1050 3109 1205 3153 usus
1261 3094 1352 3153 est
1405 3088 1573 3152 idem
1634 3086 2135 3152 additamentum
2192 3092 2375 3167 atque
2435 3088 2525 3151 2d
2580 3092 2638 3151 et
2697 3092 2736 3149 3
2800 3107 2938 3151 con-

697 3176 951 3257 tinebat,
1000 3180 1168 3258 quod
1207 3176 1607 3241 immutatum
1652 3196 1851 3257 neque
1893 3174 2211 3258 inteyrum
2254 3175 2329 3240 in
2374 3174 2527 3240 libri
2573 3174 2624 3239 I
2619 3176 2671 3239 I
2666 3223 2682 3237 .
2730 3196 2783 3240 c.
2830 3181 2937 3239 22.

699 3265 1093 3345 transposuit
1138 3261 1304 3347 (post
1347 3267 1538 3329 verba
1583 3266 1939 3349 sepulture
1986 3266 2423 3343 committite,
2475 3284 2545 3344 p.
2596 3269 2747 3344 207,
2794 3264 2935 3346 24).
2976 3292 3029 3333 so

909 3354 981 3419 E
1035 3354 1238 3419 tribus
1295 3353 1368 3418 in
1425 3374 1585 3435 quas
1653 3354 1893 3419 codices
1958 3352 2289 3418 discedunt
2338 3352 2644 3417 classibus
2688 3352 2938 3435 prima,

697 3443 937 3509 scilicet
979 3444 1170 3509 codem
1220 3450 1252 3508 1
1301 3463 1438 3507 una
1485 3463 1624 3506 cum
1669 3441 1818 3507 libri
1870 3436 1929 3505 1⁴
1962 3441 2329 3507 lectionibus
2367 3441 2546 3506 haud
2571 3442 2669 3505 ita
2698 3441 2937 3523 multis,

688 3532 1089 3614 potissimum
1164 3533 1364 3596 locum
1433 3529 1685 3607 obtinet,
1760 3532 1849 3595 ad
1920 3532 2239 3630 exemplar
2308 3528 2438 3612 (I),
2516 3530 2648 3594 nisi
2715 3530 2938 3611 fallor,
3150 3504 3154 3589 Ὗ

697 3621 1056 3717 referenda,
1125 3620 1307 3701 quod,
1383 3640 1522 3683 cum
1591 3619 1913 3700 cataloyus
1980 3619 2415 3704 episcoporum
2483 3619 2574 3683 M
2568 3619 2941 3701 oyuntznen
3148 3612 3154 3889 1

696 2111 758 2191 Ι,
806 2116 973 2175 1-5
1026 2105 1120 2195 (p.
1176 2115 1318 2189 117,
1359 2116 1701 2190 18-121,
1740 2112 1857 2193 32)
1904 2116 2077 2175 extat
2119 2106 2433 2194 (praescr.
2483 2110 2743 2194 Incipit
2790 2112 2939 2175 vita
3142 1962 3155 2701 i

698 3706 866 3771 sium
924 3707 1107 3772 Vitae
1165 3707 1533 3772 subiunctus
1590 3706 1666 3771 in
1727 3706 1983 3788 Sifrido
2028 3709 2089 3772 Ι.
2154 3707 2360 3792 (1060
2379 3742 2459 3753 —-
2480 3703 2593 3792 84)
2664 3708 2937 3787 desinat,
2976 3736 3027 3777 οε

709 3795 928 3861 Otloho
984 3795 1126 3859 vivo
1171 3802 1284 3860 aut
1327 3796 1529 3877 paulo
1561 3802 1711 3877 post
1754 3795 2131 3879 descriptum
2178 3804 2331 3879 erat,
2393 3797 2438 3863 i.
2487 3820 2539 3863 e.
2586 3797 2837 3861 saeculo
2885 3803 2943 3862 et

701 3883 968 3949 dimidio
1033 3884 1171 3963 fere
1239 3889 1578 3965 antequam
1648 3887 1836 3950 codeae
1901 3884 2036 3967 ipse
2104 3892 2406 3950 exaratus
2485 3892 2577 3950 est
2592 3889 2635 3947 ².
2754 3886 2940 3950 Idem

689 3971 1027 4055 permultis
1094 3972 1248 4037 locis
1315 3979 1548 4037 textum
1601 3973 2061 4055 primiyenium
2128 3979 2524 4054 servaverat,
2596 3996 2737 4039 cum
2792 3974 2941 4039 alte-

699 4081 844 4125 rum
903 4061 1224 4142 exemplar
1269 4058 1411 4151 (II)
1474 4062 1727 4127 Fuldae
1790 4062 2208 4144 conscriptum
2226 4063 2268 4143 3,
2339 4084 2371 4126 e
2429 4083 2549 4144 quo
2608 4064 2851 4127 codices
2900 4070 2940 4127 2

704 4198 755 4269 1)
792 4198 885 4250 Ita
911 4199 1165 4251 Canisius
1186 4202 1248 4251 in
1272 4202 1531 4266 margine,
1568 4201 1697 4251 dum
1732 4202 1967 4251 litteram
1991 4203 2051 4252 in
2075 4206 2225 4252 textu
2249 4198 2505 4252 monachi
2529 4202 2940 4265 interpretatur.
2976 4216 3029 4255 40

700 4270 756 4337 2)
800 4270 884 4334 C'f.
925 4270 1090 4336 Jaffe',
1131 4271 1453 4323 Bibliotheca
1489 4271 1601 4337 III,
1642 4275 1689 4325 1.
1837 4272 1893 4337 3)
1939 4270 2083 4323 Nam
2118 4288 2227 4325 non
2260 4272 2432 4324 solum
2470 4271 2598 4322 liber
2634 4274 2695 4325 2e
2730 4271 2943 4323 Fuldae

700 4348 921 4395 exortus
974 4348 1074 4407 est,
1127 4344 1217 4393 sed
1264 4346 1438 4408 amm,
1493 4348 1553 4393 ut
1602 4344 1802 4405 monui,
1856 4344 2050 4396 codices
2096 4346 2158 4397 20
2206 4350 2255 4395 et
2303 4344 2377 4397 202
2425 4343 2493 4393 ab
2545 4342 2944 4409 exemplaribus

699 4412 1059 4465 Fuldensibus
1112 4415 1371 4479 oriyinem
1424 4415 1649 4480 duc-unt,
1707 4420 1863 4481 atque
1909 4413 2263 4473 Eberhardus
2312 4414 2603 4465 monachus
2651 4413 2943 4465 Fuldensis

700 4485 871 4537 codice
917 4484 1146 4537 eiusdem
1191 4487 1401 4551 yeneris
1449 4500 1579 4537 usus
1616 4490 1704 4539 est.
1748 4484 2021 4551 Oriytnmu
2059 4486 2245 4537 classis
2284 4489 2311 4540 1
2356 4486 2715 4537 Baiuvaricae
2749 4488 2829 4551 (1,
2860 4486 2941 4551 1²⁸,

702 4557 1021 4617 Aventinus)
1057 4557 1287 4620 fortasse
1323 4557 1395 4607 ad
1435 4554 1613 4607 Otlohi
1644 4558 2024 4609 monasterium
2059 4557 2437 4609 Ratisbonense
2473 4557 2682 4619 referre
2718 4556 2852 4609 licet.
2977 4567 3029 4611 45
