3167 5192
518 468 763 527 VITAE
799 468 1204 525 BONIFATII
1239 470 1598 526 AUCTORE
1636 469 1944 525 OTLOHO
1982 470 2220 525 LIBER.
2240 470 2291 528 Ι.
2424 476 2527 529 123

276 663 727 733 precantes
749 702 763 727 ,
858 660 1192 734 suffragia
1268 663 1599 735 sperata
1689 661 2212 718 invenerunt,
2336 662 2527 718 Nam

274 752 689 824 postquam
754 752 1013 805 sanctus
1060 750 1155 805 vir
1200 749 1624 806 venerabilem
1689 750 1857 807 sedis
1922 751 2301 825 apostolicae
2369 768 2524 825 pre-

276 838 527 895 sulem
572 837 869 894 nomine
902 838 1292 913 Gregorium,
1327 839 1434 913 qui
1465 839 1804 895 eiusdem
1835 840 2164 896 nominis
2199 840 2526 896 secundus

274 930 470 983 tunc
538 926 982 995 habebatur,
1054 928 1468 995 allocutus,
1541 928 1607 984 ei
1674 928 1988 985 adventus
2059 929 2158 985 sui
2226 946 2527 985 causam

202 1032 233 1070 5
277 1015 724 1072 manifestavit
769 1020 851 1085 et,
902 1016 1074 1090 quali
1131 1016 1441 1073 desiderio
1502 1017 1740 1073 diutius
1801 1017 2197 1086 desudasset,
2260 1018 2524 1091 aperuit,

275 1122 453 1161 mox
498 1105 699 1161 idem
744 1121 875 1179 pre
889 1105 1006 1161 sul
1053 1105 1237 1162 hilari
1270 1106 1456 1162 vultu
1500 1106 1772 1162 intuitus
1817 1104 1928 1161 ina
1967 1123 2132 1174 eum,
2179 1106 2526 1180 inquisivit,

277 1210 371 1249 an
419 1194 633 1250 literas
680 1193 760 1250 ab
815 1194 1106 1268 episcopo
1174 1212 1288 1252 suo
1352 1194 1910 1251 commendaticias
1977 1195 2326 1252 detulisset.
2443 1197 2526 1252 At

274 1282 392 1338 ille
438 1282 721 1339 concitus
768 1287 1010 1339 cartam
1064 1269 1179 1339 exb
1235 1300 1409 1340 more
1463 1284 1813 1340 involutam
1879 1284 2254 1358 proferens
2270 1327 2284 1352 ,
2352 1284 2528 1341 dedit

277 1388 377 1445 ap
390 1372 733 1429 ostolicO.
826 1372 1226 1447 Apostolicus
1274 1389 1441 1440 vem,
1493 1372 1766 1445 acceptis
1813 1372 1991 1429 lectis
2004 1390 2142 1448 que
2203 1373 2402 1430 literis
2463 1376 2528 1429 et

24 1450 61 1489 ³7⁷
176 1476 235 1513 10
278 1464 647 1534 conperto
702 1461 951 1518 sancti
1003 1462 1154 1517 viri
1218 1461 1628 1529 desideriO,
1696 1461 1990 1517 sedulum
2038 1462 2334 1535 deinceps
2381 1478 2527 1518 cum

280 1566 360 1605 eo
410 1550 790 1624 colloquium
836 1549 1117 1618 habuit,
1179 1554 1768 1624 reverenterque
1831 1567 1996 1607 eum
2055 1550 2162 1606 ibi
2221 1567 2526 1607 commo-

278 1642 582 1695 rantem
657 1639 1027 1707 retinens,
1121 1656 1248 1713 pro
1325 1639 2002 1713 qualibuscumque
2091 1642 2528 1696 sanctorum

282 1727 581 1802 reliquiis
627 1729 1047 1801 postulabat,
1097 1728 1217 1783 illi
1263 1728 1607 1785 tradidit.

502 1808 608 1886 (8).
702 1816 814 1873 Ad
866 1816 1051 1873 haec
1104 1819 1333 1873 etiam
1395 1817 1878 1873 committens
1949 1818 2015 1873 ei
2082 1817 2157 1872 in
2227 1818 2524 1873 cunctis

182 1920 240 1958 15
283 1904 664 1961 Germaniae
695 1905 960 1978 populis
999 1922 1250 1962 curam
1288 1906 1706 1979 predicandi,
1741 1905 2068 1963 tradidit
2104 1906 2524 1980 epistolam,

284 1988 485 2051 cuius
535 1988 883 2071 exemplar
928 1988 1081 2051 hic⁰
1138 1989 1438 2052 inserere
1487 1988 1765 2071 cupiolz

2557 652 2792 744 Wlligald.

2625 717 2660 747 ο.
2708 738 2717 747 .

288 2168 799 2229 GREGORIUS
862 2168 1026 2229 SER
1038 2169 1193 2230 VUS
1264 2170 1428 2229 SER
1440 2170 1605 2229 VOR
1616 2170 1736 2229 UM
1810 2170 1980 2228 DEI
2043 2169 2527 2230 BONIFATIO
2545 2193 2685 2241 Epist.
2709 2193 2774 2231 12.

861 2258 1334 2320 RELIGIOSO
1380 2258 1710 2318 PRESBI
1710 2259 1878 2317 TER
1887 2260 1955 2317 Ο.

502 2383 714 2457 Eoeiqit
770 2384 929 2442 mani
934 2374 1188 2455 festatad
1254 2384 1417 2443 nobis
1472 2384 1732 2457 reliyiosi
1787 2384 2083 2457 propositi
2151 2384 2238 2442 tui
2294 2385 2399 2457 pie
2463 2385 2528 2443 in

188 2489 246 2527 20
289 2470 522 2531 Christo
575 2474 887 2546 flaqrantis
945 2474 1183 2531 intentio
1243 2472 1333 2531 et‘3
1390 2474 1714 2545 approbata
1770 2472 2159 2531 sincerissima
2203 2472 2340 2544 fidei
2399 2479 2528 2532 tuae

274 2562 516 2635 perlata
582 2562 809 2631 relatio,
876 2567 942 2620 ut
1010 2562 1087 2620 ad
1152 2562 1631 2634 dispensationem
1695 2562 1855 2619 verbi
1921 2561 2129 2631 divini,
2199 2562 2359 2619 cuius
2414 2580 2529 2635 per

283 2651 542 2725 qratiam
570 2650 689 2709 Dei
732 2668 932 2709 curam
974 2651 1244 2725 yerimus,
1292 2656 1345 2709 te
1389 2650 1776 2709 comministro
1820 2654 2072 2708 utamur.
2149 2650 2529 2723 Experientes

274 2740 548 2812 proinde,
611 2744 663 2797 te
707 2740 778 2797 ab
821 2740 1087 2809 infantia
1143 2757 1345 2798 sacras
1403 2740 1605 2798 literas
1661 2739 1940 2799 didicisse,
1977 2741 2385 2813 profectusque
2441 2739 2525 2797 in-

285 2828 470 2886 dolem
530 2829 608 2887 ad
675 2834 1033 2902 auymentum
1100 2829 1305 2887 crediti
1322 2817 1348 2859 f
1408 2828 1606 2887 celitus
1673 2828 1917 2886 talentig
1963 2833 2272 2901 prospectu
2339 2828 2527 2887 divini

191 2935 247 2973 25
287 2916 546 2975 timoris
590 2918 906 2987 esctendere,
951 2917 1211 2976 videlicet
1254 2918 1509 2992 qratiam
1554 2917 1892 2990 coqnitionis
1928 2918 2182 2975 caelestis
2211 2918 2433 2975 oraculi
2462 2918 2527 2975 in

287 3006 539 3064 laborem
583 3006 928 3076 salutiferae
961 3007 1381 3078 predicationis
1426 3006 1504 3064 ad
1546 3006 2002 3065 innotescendum
2047 3006 2304 3080 qentibus
2345 3006 2524 3064 incre-

286 3094 443 3152 dulis
486 3095 821 3167 mysterium
865 3093 1002 3165 fidei
1046 3095 1290 3153 instanti
1336 3100 1539 3153 conatu
1593 3095 1924 3167 expendere,
1987 3096 2334 3153 conletamur
2391 3094 2528 3167 fidei

286 3188 419 3241 tuae
464 3188 517 3241 et
561 3184 853 3242 adiutores
897 3182 1057 3255 effici
1086 3184 1343 3257 cupimus
1378 3184 1606 3258 qratiae
1637 3188 2003 3258 preroyatae.
2083 3183 2206 3257 192·
2223 3189 2344 3242 tur
2389 3185 2528 3258 quia

275 3260 597 3345 premissih
672 3278 905 3331 conatus
968 3262 1173 3345 piumi
1246 3274 1514 3346 affectum
1578 3291 1754 3347 usque
1819 3273 1897 3331 ad
1970 3274 2313 3345 apostolicae
2377 3273 2528 3331 sedis

192 3381 249 3419 30
284 3361 539 3419 modesta
573 3380 659 3435 pr
672 3380 704 3419 o
719 3362 937 3420 visione
970 3362 1309 3435 perduxisti
1345 3363 1678 3431 consultum,
1723 3366 1807 3431 ut,
1837 3362 2150 3419 membrum
2179 3380 2252 3419 ex
2280 3362 2526 3419 membro

273 3449 521 3523 proprii
565 3451 827 3523 corporis
871 3456 1042 3523 caput
1084 3451 1401 3525 requirens,
1447 3456 1660 3509 motum
1705 3450 1910 3508 mentis
1943 3451 2247 3523 probares,
2294 3450 2524 3523 capitis-

286 3556 393 3612 que
461 3538 708 3597 arbitrio
768 3540 1063 3597 humiliter
1118 3544 1171 3598 te
1236 3540 1590 3598 summittens
1650 3544 1718 3597 et
1779 3539 1900 3597 eius
1965 3527 2310 3597 directionik
2374 3538 2526 3597 iusto

287 3627 523 3685 tramite
556 3645 904 3701 properans,
952 3629 1187 3687 solidati
1202 3617 1223 3659 ¹
1283 3629 1617 3703 conpayinis
1664 3628 1963 3701 plenitudo
2009 3628 2245 3697 existas,
2291 3627 2416 3685 ideo
2461 3627 2528 3685 in

286 3716 513 3774 nomine
556 3717 935 3775 indivisibilis
983 3718 1271 3776 trinitatis
1318 3736 1433 3791 per
1474 3718 1866 3777 inconcussam
1923 3717 2320 3775 auctoritatem
2378 3715 2527 3774 beati

194 3823 249 3863 35
287 3804 460 3863 Petri
504 3807 892 3878 apostolorum
926 3807 1242 3880 principis‘,
1275 3807 1436 3865 cuius
1465 3807 1760 3865 doctrinae
1795 3806 2194 3879 magisteriis¹¹¹¹
2227 3806 2527 3879 funyimur

503 3991 607 4031 VII.
664 3992 799 4041 Capp.
820 3993 859 4031 7.
890 3992 930 4030 8.
989 3993 1028 4030 1.
1058 3992 1236 4031 2a.b.c.

288 4082 333 4122 a)
370 4090 454 4118 om.
485 4080 552 4118 Σὺ.
689 4081 734 4128 b)
774 4091 830 4119 ex
858 4092 916 4119 m.
948 4091 1073 4118 versu
1100 4091 1167 4122 ex.
1197 4085 1353 4130 postea
1379 4083 1521 4129 suppl.
1552 4084 1592 4123 1.
1727 4082 1766 4130 c)
1806 4083 1870 4119 ita
1905 4085 2012 4120 recte
2048 4082 2071 4119 1
2110 4080 2185 4127 (cf.
2222 4080 2348 4127 infra
2383 4080 2425 4128 I,
2456 4080 2524 4118 15.

288 4133 359 4180 II,
391 4133 465 4181 18)
473 4143 490 4179 ,·
518 4133 607 4171 tale
634 4134 865 4173 invenitur
884 4145 972 4181 pro
1001 4135 1075 4173 hic
1103 4135 1188 4173 ins.
1220 4146 1257 4174 c,
1289 4136 1386 4174 rell.
1498 4134 1543 4184 d)
1574 4136 1813 4174 manifesta
1839 4136 1901 4173 20.
2011 4136 2053 4182 e)
2081 4146 2165 4172 om.
2196 4134 2258 4172 20.
2369 4134 2402 4181 f)
2443 4144 2525 4181 pro

287 4186 411 4233 add„
440 4188 514 4224 sed
542 4197 652 4229 eras.
681 4188 747 4229 2a.
872 4189 915 4235 g)
946 4199 1003 4227 m.
1034 4189 1093 4227 al,
1127 4200 1240 4227 corr.
1273 4190 1493 4228 talentum
1523 4192 1562 4227 1.
1701 4189 1748 4237 h)
1779 4188 1960 4237 promisi
1979 4199 2053 4235 pr.
2081 4198 2138 4225 m.
2171 4189 2208 4225 1.
2337 4187 2370 4233 i)
2402 4190 2527 4224 tuum

194 4238 251 4277 40
288 4240 357 4288 2b,
400 4250 514 4277 corr.
652 4240 699 4289 k)
739 4238 989 4280 directione
1017 4242 1057 4280 1.
1194 4242 1226 4293 l)
1264 4240 1483 4281 soliditati
1512 4246 1549 4282 1.
1582 4244 1652 4281 2a.
1789 4242 1849 4289 m)
1889 4242 1950 4279 ita
1980 4244 2025 4290 1;
2056 4240 2312 4289 magisterio
2342 4248 2474 4287 (corr.
2505 4250 2528 4277 e

287 4293 502 4339 magistro
532 4294 607 4342 2α)
633 4295 729 4332 rell.

290 4454 343 4519 1)
379 4451 544 4517 Jaffe‘
573 4470 628 4507 n.
660 4454 725 4508 12
762 4460 838 4521 (p,
868 4457 1002 4518 62)‚·
1038 4456 1318 4508 Du’mmler
1352 4472 1406 4509 n.
1436 4458 1503 4510 12
1539 4457 1618 4521 (p.
1643 4456 1791 4513 258).
