<?xml version="1.0" encoding="UTF-8"?>
<!DOCTYPE html PUBLIC "-//W3C//DTD XHTML 1.0 Transitional//EN"
    "http://www.w3.org/TR/xhtml1/DTD/xhtml1-transitional.dtd">
<html xmlns="http://www.w3.org/1999/xhtml" xml:lang="en" lang="en">
 <head>
  <title>
</title>
<meta http-equiv="Content-Type" content="text/html;charset=utf-8" />
  <meta name='ocr-system' content='tesseract 3.04.00' />
  <meta name='ocr-capabilities' content='ocr_page ocr_carea ocr_par ocr_line ocrx_word'/>
</head>
<body>
  <div class='ocr_page' id='page_1' title='image "./vitaesanctiboni00mogugoog_0098.png"; bbox 0 0 3167 5192; ppageno 0'>
   <div class='ocr_carea' id='block_1_1' title="bbox 116 1519 168 1557">
    <p class='ocr_par' dir='ltr' id='par_1_1' title="bbox 116 1519 168 1557">
     <span class='ocr_line' id='line_1_1' title="bbox 116 1519 168 1557; baseline -0.019 0"><span class='ocrx_word' id='word_1_1' title='bbox 116 1519 168 1557; x_wconf 85' lang='lat'>10</span> 
     </span>
    </p>
   </div>
   <div class='ocr_carea' id='block_1_2' title="bbox 118 1964 169 2002">
    <p class='ocr_par' dir='ltr' id='par_1_2' title="bbox 118 1964 169 2002">
     <span class='ocr_line' id='line_1_2' title="bbox 118 1964 169 2002; baseline 0 0"><span class='ocrx_word' id='word_1_2' title='bbox 118 1964 169 2002; x_wconf 79' lang='lat'>15</span> 
     </span>
    </p>
   </div>
   <div class='ocr_carea' id='block_1_3' title="bbox 121 2823 175 2863">
    <p class='ocr_par' dir='ltr' id='par_1_3' title="bbox 121 2823 175 2863">
     <span class='ocr_line' id='line_1_3' title="bbox 121 2823 175 2863; baseline -0.019 0"><span class='ocrx_word' id='word_1_3' title='bbox 121 2823 175 2863; x_wconf 79' lang='lat'>25</span> 
     </span>
    </p>
   </div>
   <div class='ocr_carea' id='block_1_4' title="bbox 123 3188 177 3226">
    <p class='ocr_par' dir='ltr' id='par_1_4' title="bbox 123 3188 177 3226">
     <span class='ocr_line' id='line_1_4' title="bbox 123 3188 177 3226; baseline -0.019 0"><span class='ocrx_word' id='word_1_4' title='bbox 123 3188 177 3226; x_wconf 77' lang='lat'>30</span> 
     </span>
    </p>
   </div>
   <div class='ocr_carea' id='block_1_5' title="bbox 546 515 2465 580">
    <p class='ocr_par' dir='ltr' id='par_1_5' title="bbox 546 515 2465 580">
     <span class='ocr_line' id='line_1_5' title="bbox 546 515 2465 580; baseline 0.004 -8"><span class='ocrx_word' id='word_1_5' title='bbox 546 515 737 572; x_wconf 84' lang='lat' dir='ltr'><strong>VITA</strong></span> <span class='ocrx_word' id='word_1_6' title='bbox 774 516 1182 580; x_wconf 80' lang='lat' dir='ltr'><strong><em>BQNIFATII</em></strong></span> <span class='ocrx_word' id='word_1_7' title='bbox 1216 516 1575 572; x_wconf 82' lang='lat' dir='ltr'>AUCTORE</span> <span class='ocrx_word' id='word_1_8' title='bbox 1613 517 2126 575; x_wconf 84' lang='lat' dir='ltr'><strong><em>WILLIBALDO.</em></strong></span> <span class='ocrx_word' id='word_1_9' title='bbox 2427 523 2465 580; x_wconf 76' lang='lat'><strong>5</strong></span> 
     </span>
    </p>
   </div>
   <div class='ocr_carea' id='block_1_6' title="bbox 200 699 2462 2644">
    <p class='ocr_par' dir='ltr' id='par_1_6' title="bbox 200 699 2462 2644">
     <span class='ocr_line' id='line_1_6' title="bbox 200 699 2462 824; baseline 0.003 -62"><span class='ocrx_word' id='word_1_10' title='bbox 200 719 563 764; x_wconf 89' lang='lat' dir='ltr'>annorum</span> <span class='ocrx_word' id='word_1_11' title='bbox 609 699 885 764; x_wconf 74' lang='lat' dir='ltr'><strong>circiter</strong></span> <span class='ocrx_word' id='word_1_12' title='bbox 931 702 1265 824; x_wconf 70' lang='lat' dir='ltr'>quattuor</span> <span class='ocrx_word' id='word_1_13' title='bbox 1309 719 1430 764; x_wconf 88' lang='lat' dir='ltr'>seu</span> <span class='ocrx_word' id='word_1_14' title='bbox 1476 700 1799 783; x_wconf 90' lang='lat' dir='ltr'>quinque,</span> <span class='ocrx_word' id='word_1_15' title='bbox 1849 700 1982 766; x_wconf 92' lang='lat' dir='ltr'>Dei</span> <span class='ocrx_word' id='word_1_16' title='bbox 2028 705 2143 766; x_wconf 65' lang='lat' dir='ltr'>sea</span> <span class='ocrx_word' id='word_1_17' title='bbox 2182 701 2462 768; x_wconf 86' lang='lat' dir='ltr'>servitio</span> 
     </span>
     <span class='ocr_line' id='line_1_7' title="bbox 200 787 2462 870; baseline 0.002 -19"><span class='ocrx_word' id='word_1_18' title='bbox 200 788 594 870; x_wconf 83' lang='lat' dir='ltr'>subiugare</span> <span class='ocrx_word' id='word_1_19' title='bbox 640 787 935 852; x_wconf 79' lang='lat' dir='ltr'>studivit</span> <span class='ocrx_word' id='word_1_20' title='bbox 1015 788 1373 870; x_wconf 89' lang='lat' dir='ltr'>multoque</span> <span class='ocrx_word' id='word_1_21' title='bbox 1421 789 1673 852; x_wconf 91' lang='lat' dir='ltr'>mentis</span> <span class='ocrx_word' id='word_1_22' title='bbox 1720 789 2078 854; x_wconf 89' lang='lat' dir='ltr'>conamine</span> <span class='ocrx_word' id='word_1_23' title='bbox 2111 789 2198 854; x_wconf 91' lang='lat' dir='ltr'>de</span> <span class='ocrx_word' id='word_1_24' title='bbox 2235 811 2462 855; x_wconf 85' lang='lat' dir='ltr'>mona·</span> 
     </span>
     <span class='ocr_line' id='line_1_8' title="bbox 200 876 2462 958; baseline 0.003 -19"><span class='ocrx_word' id='word_1_25' title='bbox 200 876 488 942; x_wconf 90' lang='lat' dir='ltr'>steriali</span> <span class='ocrx_word' id='word_1_26' title='bbox 534 877 788 958; x_wconf 88' lang='lat' dir='ltr'>iugiter</span> <span class='ocrx_word' id='word_1_27' title='bbox 834 877 980 940; x_wconf 89' lang='lat' dir='ltr'>vita</span> <span class='ocrx_word' id='word_1_28' title='bbox 1026 877 1349 949; x_wconf 86' lang='lat' dir='ltr'>insudare</span> <span class='ocrx_word' id='word_1_29' title='bbox 1397 880 1468 940; x_wconf 92' lang='lat' dir='ltr'>et</span> <span class='ocrx_word' id='word_1_30' title='bbox 1514 878 1603 940; x_wconf 87' lang='lat' dir='ltr'>ad</span> <span class='ocrx_word' id='word_1_31' title='bbox 1653 897 1804 941; x_wconf 88' lang='lat' dir='ltr'>eam</span> <span class='ocrx_word' id='word_1_32' title='bbox 1861 877 2111 942; x_wconf 90' lang='lat' dir='ltr'>mentis</span> <span class='ocrx_word' id='word_1_33' title='bbox 2173 879 2462 945; x_wconf 73' lang='lat' dir='ltr'>cottidie</span> 
     </span>
     <span class='ocr_line' id='line_1_9' title="bbox 200 964 2462 1050; baseline 0.002 -23"><span class='ocrx_word' id='word_1_34' title='bbox 200 965 487 1029; x_wconf 85' lang='lat' dir='ltr'>nisibus</span> <span class='ocrx_word' id='word_1_35' title='bbox 534 965 881 1030; x_wconf 89' lang='lat' dir='ltr'>anhelare.</span> <span class='ocrx_word' id='word_1_36' title='bbox 960 964 1132 1029; x_wconf 83' lang='lat' dir='ltr'>Cum</span> <span class='ocrx_word' id='word_1_37' title='bbox 1182 986 1342 1030; x_wconf 85' lang='lat' dir='ltr'>vero</span> <span class='ocrx_word' id='word_1_38' title='bbox 1390 965 1624 1048; x_wconf 82' lang='lat' dir='ltr'>aliqui,</span> <span class='ocrx_word' id='word_1_39' title='bbox 1675 967 1855 1030; x_wconf 90' lang='lat' dir='ltr'>sicut</span> <span class='ocrx_word' id='word_1_40' title='bbox 1889 966 2031 1030; x_wconf 88' lang='lat' dir='ltr'>illis</span> <span class='ocrx_word' id='word_1_41' title='bbox 2062 968 2462 1050; x_wconf 88' lang='lat' dir='ltr'>regionibus</span> 
     </span>
     <span class='ocr_line' id='line_1_10' title="bbox 205 1051 2454 1138; baseline 0.002 -22"><span class='ocrx_word' id='word_1_42' title='bbox 205 1054 430 1117; x_wconf 89' lang='lat' dir='ltr'>moris</span> <span class='ocrx_word' id='word_1_43' title='bbox 479 1057 585 1118; x_wconf 88' lang='lat' dir='ltr'>est</span> <span class='ocrx_word' id='word_1_44' title='bbox 608 1053 649 1128; x_wconf 77' lang='lat'>²,</span> <span class='ocrx_word' id='word_1_45' title='bbox 699 1053 1064 1138; x_wconf 73' lang='lat' dir='ltr'>presbiteri</span> <span class='ocrx_word' id='word_1_46' title='bbox 1110 1055 1290 1118; x_wconf 78' lang='lat' dir='ltr'>sive⁰</span> <span class='ocrx_word' id='word_1_47' title='bbox 1348 1053 1583 1118; x_wconf 88' lang='lat' dir='ltr'>clerici</span> <span class='ocrx_word' id='word_1_48' title='bbox 1630 1053 1995 1138; x_wconf 84' lang='lat' dir='ltr'>populares</span> <span class='ocrx_word' id='word_1_49' title='bbox 2041 1055 2150 1119; x_wconf 84' lang='lat' dir='ltr'>vel</span> <span class='ocrx_word' id='word_1_50' title='bbox 2199 1051 2454 1120; x_wconf 78' lang='lat' dir='ltr'>laicos⁴¹</span> 
     </span>
     <span class='ocr_line' id='line_1_11' title="bbox 204 1142 2460 1228; baseline 0.002 -23"><span class='ocrx_word' id='word_1_51' title='bbox 204 1143 669 1225; x_wconf 88' lang='lat' dir='ltr'>praedicandi</span> <span class='ocrx_word' id='word_1_52' title='bbox 744 1162 951 1206; x_wconf 88' lang='lat' dir='ltr'>causa</span> <span class='ocrx_word' id='word_1_53' title='bbox 1020 1142 1327 1207; x_wconf 86' lang='lat' dir='ltr'>adissent</span> <span class='ocrx_word' id='word_1_54' title='bbox 1394 1147 1466 1214; x_wconf 85' lang='lat' dir='ltr'>et</span> <span class='ocrx_word' id='word_1_55' title='bbox 1536 1144 1625 1206; x_wconf 88' lang='lat' dir='ltr'>ad</span> <span class='ocrx_word' id='word_1_56' title='bbox 1696 1143 1933 1206; x_wconf 82' lang='lat' dir='ltr'>villam</span> <span class='ocrx_word' id='word_1_57' title='bbox 1953 1144 1976 1181; x_wconf 77' lang='lat'><strong>²</strong></span> <span class='ocrx_word' id='word_1_58' title='bbox 2045 1143 2460 1228; x_wconf 89' lang='lat' dir='ltr'>domumque</span> 
     </span>
     <span class='ocr_line' id='line_1_12' title="bbox 204 1230 2462 1316; baseline 0.001 -22"><span class='ocrx_word' id='word_1_59' title='bbox 204 1231 521 1314; x_wconf 85' lang='lat' dir='ltr'>praefati</span> <span class='ocrx_word' id='word_1_60' title='bbox 568 1230 1089 1315; x_wconf 75' lang='lat' dir='ltr'>patrisfamilias</span> <span class='ocrx_word' id='word_1_61' title='bbox 1136 1231 1555 1309; x_wconf 74' lang='lat' dir='ltr'>venissent0,</span> <span class='ocrx_word' id='word_1_62' title='bbox 1617 1252 1794 1308; x_wconf 85' lang='lat' dir='ltr'>mox,</span> <span class='ocrx_word' id='word_1_63' title='bbox 1857 1236 2194 1314; x_wconf 90' lang='lat' dir='ltr'>quantum</span> <span class='ocrx_word' id='word_1_64' title='bbox 2255 1233 2462 1316; x_wconf 88' lang='lat' dir='ltr'>possi·</span> 
     </span>
     <span class='ocr_line' id='line_1_13' title="bbox 204 1319 2456 1404; baseline 0.001 -22"><span class='ocrx_word' id='word_1_65' title='bbox 204 1319 518 1384; x_wconf 86' lang='lat' dir='ltr'>bilitatis</span> <span class='ocrx_word' id='word_1_66' title='bbox 580 1320 727 1384; x_wconf 89' lang='lat' dir='ltr'>eius</span> <span class='ocrx_word' id='word_1_67' title='bbox 787 1319 1323 1402; x_wconf 79' lang='lat' dir='ltr'>pusillanimitas</span> <span class='ocrx_word' id='word_1_68' title='bbox 1369 1321 1444 1383; x_wconf 88' lang='lat' dir='ltr'>in</span> <span class='ocrx_word' id='word_1_69' title='bbox 1502 1320 1806 1384; x_wconf 85' lang='lat' dir='ltr'>infantia</span> <span class='ocrx_word' id='word_1_70' title='bbox 1865 1341 1989 1384; x_wconf 86' lang='lat' dir='ltr'>sua</span> <span class='ocrx_word' id='word_1_71' title='bbox 2048 1321 2456 1404; x_wconf 84' lang='lat' dir='ltr'>praevaluit,</span> 
     </span>
     <span class='ocr_line' id='line_1_14' title="bbox 206 1408 2456 1492; baseline 0.002 -20"><span class='ocrx_word' id='word_1_72' title='bbox 206 1412 543 1492; x_wconf 85' lang='lat' dir='ltr'>coeperat</span> <span class='ocrx_word' id='word_1_73' title='bbox 597 1429 751 1473; x_wconf 88' lang='lat' dir='ltr'>cum</span> <span class='ocrx_word' id='word_1_74' title='bbox 814 1408 913 1472; x_wconf 89' lang='lat' dir='ltr'>eis</span> <span class='ocrx_word' id='word_1_75' title='bbox 973 1409 1059 1472; x_wconf 91' lang='lat' dir='ltr'>de</span> <span class='ocrx_word' id='word_1_76' title='bbox 1122 1408 1535 1473; x_wconf 89' lang='lat' dir='ltr'>caelestibus</span> <span class='ocrx_word' id='word_1_77' title='bbox 1597 1409 1941 1490; x_wconf 91' lang='lat' dir='ltr'>loquendo</span> <span class='ocrx_word' id='word_1_78' title='bbox 2000 1413 2303 1474; x_wconf 89' lang='lat' dir='ltr'>tractare</span> <span class='ocrx_word' id='word_1_79' title='bbox 2367 1414 2456 1488; x_wconf 89' lang='lat' dir='ltr'>et,</span> 
     </span>
     <span class='ocr_line' id='line_1_15' title="bbox 206 1490 2458 1581; baseline 0.001 -21"><span class='ocrx_word' id='word_1_80' title='bbox 206 1498 385 1579; x_wconf 86' lang='lat' dir='ltr'>quid</span> <span class='ocrx_word' id='word_1_81' title='bbox 434 1497 569 1561; x_wconf 92' lang='lat' dir='ltr'>sibi</span> <span class='ocrx_word' id='word_1_82' title='bbox 615 1517 913 1580; x_wconf 82' lang='lat' dir='ltr'>suaeque</span> <span class='ocrx_word' id='word_1_83' title='bbox 958 1490 1408 1560; x_wconf 78' lang='lat' dir='ltr'>infirmitatef</span> <span class='ocrx_word' id='word_1_84' title='bbox 1445 1497 1521 1559; x_wconf 93' lang='lat' dir='ltr'>in</span> <span class='ocrx_word' id='word_1_85' title='bbox 1564 1497 1881 1560; x_wconf 80' lang='lat' dir='ltr'>futurum</span> <span class='ocrx_word' id='word_1_86' title='bbox 1930 1499 2312 1581; x_wconf 87' lang='lat' dir='ltr'>proficeret,</span> <span class='ocrx_word' id='word_1_87' title='bbox 2361 1498 2458 1562; x_wconf 88' lang='lat' dir='ltr'>in·</span> 
     </span>
     <span class='ocr_line' id='line_1_16' title="bbox 203 1584 2460 1669; baseline 0.002 -21"><span class='ocrx_word' id='word_1_88' title='bbox 203 1589 592 1668; x_wconf 85' lang='lat' dir='ltr'>terrogare.</span> <span class='ocrx_word' id='word_1_89' title='bbox 716 1584 1025 1669; x_wconf 83' lang='lat' dir='ltr'>Cumque</span> <span class='ocrx_word' id='word_1_90' title='bbox 1099 1587 1201 1648; x_wconf 89' lang='lat' dir='ltr'>ita</span> <span class='ocrx_word' id='word_1_91' title='bbox 1276 1586 1399 1649; x_wconf 89' lang='lat' dir='ltr'>din</span> <span class='ocrx_word' id='word_1_92' title='bbox 1473 1586 1559 1649; x_wconf 91' lang='lat' dir='ltr'>de</span> <span class='ocrx_word' id='word_1_93' title='bbox 1637 1585 2049 1650; x_wconf 91' lang='lat' dir='ltr'>caelestibus</span> <span class='ocrx_word' id='word_1_94' title='bbox 2128 1587 2460 1652; x_wconf 85' lang='lat' dir='ltr'>diuturna</span> 
     </span>
     <span class='ocr_line' id='line_1_17' title="bbox 204 1674 2456 1757; baseline 0 -20"><span class='ocrx_word' id='word_1_95' title='bbox 204 1675 473 1739; x_wconf 89' lang='lat' dir='ltr'>mentis</span> <span class='ocrx_word' id='word_1_96' title='bbox 521 1674 972 1738; x_wconf 87' lang='lat' dir='ltr'>meditatione</span> <span class='ocrx_word' id='word_1_97' title='bbox 1020 1675 1362 1757; x_wconf 77' lang='lat' dir='ltr'>cogitaret</span> <span class='ocrx_word' id='word_1_98' title='bbox 1409 1694 1488 1738; x_wconf 91' lang='lat' dir='ltr'>ac</span> <span class='ocrx_word' id='word_1_99' title='bbox 1550 1677 1824 1738; x_wconf 61' lang='lat' dir='ltr'>totum&amp;</span> <span class='ocrx_word' id='word_1_100' title='bbox 1875 1695 1946 1738; x_wconf 91' lang='lat' dir='ltr'>se</span> <span class='ocrx_word' id='word_1_101' title='bbox 2006 1675 2078 1737; x_wconf 92' lang='lat' dir='ltr'>in</span> <span class='ocrx_word' id='word_1_102' title='bbox 2139 1675 2456 1738; x_wconf 83' lang='lat' dir='ltr'>futurum</span> 
     </span>
     <span class='ocr_line' id='line_1_18' title="bbox 206 1755 2459 1847; baseline 0 -21"><span class='ocrx_word' id='word_1_103' title='bbox 206 1764 624 1828; x_wconf 84' lang='lat' dir='ltr'>extenderet</span> <span class='ocrx_word' id='word_1_104' title='bbox 670 1766 741 1827; x_wconf 92' lang='lat' dir='ltr'>et</span> <span class='ocrx_word' id='word_1_105' title='bbox 788 1764 877 1827; x_wconf 90' lang='lat' dir='ltr'>ad</span> <span class='ocrx_word' id='word_1_106' title='bbox 924 1783 1221 1846; x_wconf 88' lang='lat' dir='ltr'>superna</span> <span class='ocrx_word' id='word_1_107' title='bbox 1266 1755 1646 1847; x_wconf 72' lang='lat' dir='ltr'>eregereth,</span> <span class='ocrx_word' id='word_1_108' title='bbox 1694 1763 1878 1846; x_wconf 90' lang='lat' dir='ltr'>patri</span> <span class='ocrx_word' id='word_1_109' title='bbox 1923 1762 2134 1827; x_wconf 87' lang='lat' dir='ltr'>etiam</span> <span class='ocrx_word' id='word_1_110' title='bbox 2181 1765 2459 1828; x_wconf 87' lang='lat' dir='ltr'>demum</span> 
     </span>
     <span class='ocr_line' id='line_1_19' title="bbox 209 1844 2459 1934; baseline 0 -20"><span class='ocrx_word' id='word_1_111' title='bbox 209 1853 391 1916; x_wconf 87' lang='lat' dir='ltr'>haec</span> <span class='ocrx_word' id='word_1_112' title='bbox 440 1872 615 1934; x_wconf 87' lang='lat' dir='ltr'>quae</span> <span class='ocrx_word' id='word_1_113' title='bbox 662 1851 891 1916; x_wconf 82' lang='lat' dir='ltr'>animo</span> <span class='ocrx_word' id='word_1_114' title='bbox 938 1851 1224 1934; x_wconf 85' lang='lat' dir='ltr'>gerebat</span> <span class='ocrx_word' id='word_1_115' title='bbox 1276 1851 1612 1916; x_wconf 76' lang='lat' dir='ltr'>revelavit</span> <span class='ocrx_word' id='word_1_116' title='bbox 1671 1854 1760 1928; x_wconf 91' lang='lat' dir='ltr'>et,</span> <span class='ocrx_word' id='word_1_117' title='bbox 1821 1844 1937 1914; x_wconf 86' lang='lat' dir='ltr'>ut¹</span> <span class='ocrx_word' id='word_1_118' title='bbox 1998 1871 2162 1915; x_wconf 85' lang='lat' dir='ltr'>suae</span> <span class='ocrx_word' id='word_1_119' title='bbox 2223 1872 2459 1916; x_wconf 88' lang='lat' dir='ltr'>consu·</span> 
     </span>
     <span class='ocr_line' id='line_1_20' title="bbox 209 1939 2454 2024; baseline 0 -22"><span class='ocrx_word' id='word_1_120' title='bbox 209 1940 397 2005; x_wconf 88' lang='lat' dir='ltr'>leret</span> <span class='ocrx_word' id='word_1_121' title='bbox 455 1939 821 2016; x_wconf 83' lang='lat' dir='ltr'>voluntati,</span> <span class='ocrx_word' id='word_1_122' title='bbox 885 1940 1176 2023; x_wconf 88' lang='lat' dir='ltr'>rogavit.</span> <span class='ocrx_word' id='word_1_123' title='bbox 1293 1939 1445 2018; x_wconf 79' lang='lat' dir='ltr'>Quo</span> <span class='ocrx_word' id='word_1_124' title='bbox 1507 1944 1855 2023; x_wconf 91' lang='lat' dir='ltr'>conperto,</span> <span class='ocrx_word' id='word_1_125' title='bbox 1927 1940 2454 2024; x_wconf 86' lang='lat' dir='ltr'>obstupefactus</span> 
     </span>
     <span class='ocr_line' id='line_1_21' title="bbox 210 2023 2456 2112; baseline 0 -20"><span class='ocrx_word' id='word_1_126' title='bbox 210 2032 420 2112; x_wconf 88' lang='lat' dir='ltr'>pater</span> <span class='ocrx_word' id='word_1_127' title='bbox 464 2049 717 2112; x_wconf 84' lang='lat' dir='ltr'>magna</span> <span class='ocrx_word' id='word_1_128' title='bbox 763 2049 918 2093; x_wconf 91' lang='lat' dir='ltr'>eum</span> <span class='ocrx_word' id='word_1_129' title='bbox 966 2029 1458 2111; x_wconf 86' lang='lat' dir='ltr'>increpationis</span> <span class='ocrx_word' id='word_1_130' title='bbox 1504 2029 1844 2092; x_wconf 89' lang='lat' dir='ltr'>instantia</span> <span class='ocrx_word' id='word_1_131' title='bbox 1890 2029 2143 2112; x_wconf 87' lang='lat' dir='ltr'>partim</span> <span class='ocrx_word' id='word_1_132' title='bbox 2181 2023 2456 2106; x_wconf 70' lang='lat' dir='ltr'>minisk,</span> 
     </span>
     <span class='ocr_line' id='line_1_22' title="bbox 208 2111 2459 2200; baseline 0 -20"><span class='ocrx_word' id='word_1_133' title='bbox 208 2138 307 2182; x_wconf 88' lang='lat' dir='ltr'>ne</span> <span class='ocrx_word' id='word_1_134' title='bbox 354 2111 462 2182; x_wconf 89' lang='lat' dir='ltr'>sel</span> <span class='ocrx_word' id='word_1_135' title='bbox 525 2118 889 2194; x_wconf 89' lang='lat' dir='ltr'>desereret,</span> <span class='ocrx_word' id='word_1_136' title='bbox 947 2117 1325 2200; x_wconf 90' lang='lat' dir='ltr'>prohibuit,</span> <span class='ocrx_word' id='word_1_137' title='bbox 1372 2117 1628 2200; x_wconf 88' lang='lat' dir='ltr'>partim</span> <span class='ocrx_word' id='word_1_138' title='bbox 1690 2117 1900 2181; x_wconf 89' lang='lat' dir='ltr'>etiam</span> <span class='ocrx_word' id='word_1_139' title='bbox 1962 2117 2459 2183; x_wconf 86' lang='lat' dir='ltr'>blandimentis</span> 
     </span>
     <span class='ocr_line' id='line_1_23' title="bbox 210 2205 2458 2289; baseline 0 -20"><span class='ocrx_word' id='word_1_140' title='bbox 210 2207 306 2270; x_wconf 88' lang='lat' dir='ltr'>ad</span> <span class='ocrx_word' id='word_1_141' title='bbox 354 2205 727 2270; x_wconf 88' lang='lat' dir='ltr'>saecularis</span> <span class='ocrx_word' id='word_1_142' title='bbox 788 2206 1053 2289; x_wconf 85' lang='lat' dir='ltr'>negotii</span> <span class='ocrx_word' id='word_1_143' title='bbox 1112 2227 1347 2270; x_wconf 90' lang='lat' dir='ltr'>curam</span> <span class='ocrx_word' id='word_1_144' title='bbox 1405 2206 1808 2289; x_wconf 85' lang='lat' dir='ltr'>instigabat,</span> <span class='ocrx_word' id='word_1_145' title='bbox 1873 2209 1953 2268; x_wconf 92' lang='lat' dir='ltr'>ut</span> <span class='ocrx_word' id='word_1_146' title='bbox 2011 2209 2458 2289; x_wconf 87' lang='lat' dir='ltr'>temporaneo</span> 
     </span>
     <span class='ocr_line' id='line_1_24' title="bbox 212 2294 2458 2377; baseline 0 -18"><span class='ocrx_word' id='word_1_147' title='bbox 212 2315 377 2360; x_wconf 89' lang='lat' dir='ltr'>eum</span> <span class='ocrx_word' id='word_1_148' title='bbox 423 2295 865 2360; x_wconf 87' lang='lat' dir='ltr'>transitoriae</span> <span class='ocrx_word' id='word_1_149' title='bbox 925 2295 1333 2359; x_wconf 88' lang='lat' dir='ltr'>hereditatis</span> <span class='ocrx_word' id='word_1_150' title='bbox 1394 2295 1845 2377; x_wconf 88' lang='lat' dir='ltr'>subiungeret</span> <span class='ocrx_word' id='word_1_151' title='bbox 1903 2294 2096 2358; x_wconf 92' lang='lat' dir='ltr'>lucro</span> <span class='ocrx_word' id='word_1_152' title='bbox 2157 2298 2248 2371; x_wconf 90' lang='lat' dir='ltr'>et,</span> <span class='ocrx_word' id='word_1_153' title='bbox 2313 2315 2458 2360; x_wconf 88' lang='lat' dir='ltr'>sese</span> 
     </span>
     <span class='ocr_line' id='line_1_25' title="bbox 210 2383 2456 2466; baseline 0 -20"><span class='ocrx_word' id='word_1_154' title='bbox 210 2385 629 2466; x_wconf 87' lang='lat' dir='ltr'>quandoque</span> <span class='ocrx_word' id='word_1_155' title='bbox 678 2383 1029 2457; x_wconf 80' lang='lat' dir='ltr'>defunctO,</span> <span class='ocrx_word' id='word_1_156' title='bbox 1076 2403 1241 2447; x_wconf 90' lang='lat' dir='ltr'>suae</span> <span class='ocrx_word' id='word_1_157' title='bbox 1286 2387 1602 2448; x_wconf 87' lang='lat' dir='ltr'>terrenae</span> <span class='ocrx_word' id='word_1_158' title='bbox 1659 2383 2021 2448; x_wconf 85' lang='lat' dir='ltr'>facultatis</span> <span class='ocrx_word' id='word_1_159' title='bbox 2081 2384 2456 2460; x_wconf 87' lang='lat' dir='ltr'>custodem,</span> 
     </span>
     <span class='ocr_line' id='line_1_26' title="bbox 210 2471 2458 2554; baseline 0 -19"><span class='ocrx_word' id='word_1_160' title='bbox 210 2473 429 2536; x_wconf 90' lang='lat' dir='ltr'>immo</span> <span class='ocrx_word' id='word_1_161' title='bbox 476 2473 687 2536; x_wconf 89' lang='lat' dir='ltr'>etiam</span> <span class='ocrx_word' id='word_1_162' title='bbox 735 2473 1059 2536; x_wconf 90' lang='lat' dir='ltr'>heredem</span> <span class='ocrx_word' id='word_1_163' title='bbox 1105 2471 1545 2554; x_wconf 86' lang='lat' dir='ltr'>relinqueret.</span> <span class='ocrx_word' id='word_1_164' title='bbox 1633 2472 1878 2536; x_wconf 84' lang='lat' dir='ltr'>Verbis</span> <span class='ocrx_word' id='word_1_165' title='bbox 1926 2471 2204 2554; x_wconf 89' lang='lat' dir='ltr'>quidem</span> <span class='ocrx_word' id='word_1_166' title='bbox 2250 2492 2458 2553; x_wconf 89' lang='lat' dir='ltr'>quam</span> 
     </span>
     <span class='ocr_line' id='line_1_27' title="bbox 212 2559 2454 2644; baseline 0 -20"><span class='ocrx_word' id='word_1_167' title='bbox 212 2561 555 2644; x_wconf 77' lang='lat' dir='ltr'>plurimiS,</span> <span class='ocrx_word' id='word_1_168' title='bbox 602 2560 1055 2625; x_wconf 85' lang='lat' dir='ltr'>fraudulenta</span> <span class='ocrx_word' id='word_1_169' title='bbox 1100 2563 1444 2625; x_wconf 88' lang='lat' dir='ltr'>humanae</span> <span class='ocrx_word' id='word_1_170' title='bbox 1491 2559 1900 2624; x_wconf 87' lang='lat' dir='ltr'>calliditatis</span> <span class='ocrx_word' id='word_1_171' title='bbox 1936 2560 2454 2637; x_wconf 79' lang='lat' dir='ltr'>usus-versutia,</span> 
     </span>
    </p>
   </div>
   <div class='ocr_carea' id='block_1_7' title="bbox 434 2697 1120 2747">
    <p class='ocr_par' dir='ltr' id='par_1_7' title="bbox 434 2697 1120 2747">
     <span class='ocr_line' id='line_1_28' title="bbox 434 2697 1120 2747; baseline 0.003 -11"><span class='ocrx_word' id='word_1_172' title='bbox 434 2699 473 2740; x_wconf 91' lang='lat'>1.-</span> <span class='ocrx_word' id='word_1_173' title='bbox 518 2697 623 2747; x_wconf 75' lang='lat' dir='ltr'>C&#39;ap.</span> <span class='ocrx_word' id='word_1_174' title='bbox 654 2699 690 2741; x_wconf 88' lang='lat'>1.</span> <span class='ocrx_word' id='word_1_175' title='bbox 746 2699 783 2740; x_wconf 93' lang='grc'>1.</span> <span class='ocrx_word' id='word_1_176' title='bbox 812 2698 882 2740; x_wconf 69' lang='lat'>20.</span> <span class='ocrx_word' id='word_1_177' title='bbox 897 2697 936 2741; x_wconf 83' lang='lat' dir='ltr'>b.</span> <span class='ocrx_word' id='word_1_178' title='bbox 949 2709 985 2738; x_wconf 81' lang='grc'>8.</span> <span class='ocrx_word' id='word_1_179' title='bbox 1014 2699 1054 2740; x_wconf 82' lang='grc'>3.</span> <span class='ocrx_word' id='word_1_180' title='bbox 1080 2698 1120 2738; x_wconf 80' lang='lat'>4.</span> 
     </span>
    </p>
   </div>
   <div class='ocr_carea' id='block_1_8' title="bbox 213 2767 2459 3031">
    <p class='ocr_par' dir='ltr' id='par_1_8' title="bbox 213 2767 2459 3031">
     <span class='ocr_line' id='line_1_29' title="bbox 213 2767 2457 2818; baseline -0.002 -10"><span class='ocrx_word' id='word_1_181' title='bbox 213 2771 263 2817; x_wconf 82' lang='lat' dir='ltr'>a)</span> <span class='ocrx_word' id='word_1_182' title='bbox 300 2768 493 2808; x_wconf 79' lang='lat' dir='ltr'>servitio</span> <span class='ocrx_word' id='word_1_183' title='bbox 521 2779 569 2808; x_wconf 95' lang='grc'>88</span> <span class='ocrx_word' id='word_1_184' title='bbox 596 2769 717 2811; x_wconf 80' lang='lat' dir='ltr'>2a.c.</span> <span class='ocrx_word' id='word_1_185' title='bbox 742 2769 768 2809; x_wconf 83' lang='lat'><strong>3</strong></span> <span class='ocrx_word' id='word_1_186' title='bbox 794 2779 891 2807; x_wconf 79' lang='lat' dir='ltr'>cum</span> <span class='ocrx_word' id='word_1_187' title='bbox 915 2768 962 2812; x_wconf 76' lang='lat' dir='ltr'>V.</span> <span class='ocrx_word' id='word_1_188' title='bbox 992 2767 1272 2818; x_wconf 70' lang='lat' dir='ltr'>Wynnobaldt&#39;</span> <span class='ocrx_word' id='word_1_189' title='bbox 1297 2779 1335 2808; x_wconf 81' lang='lat' dir='ltr'>c.</span> <span class='ocrx_word' id='word_1_190' title='bbox 1366 2768 1391 2806; x_wconf 82' lang='lat'>2</span> <span class='ocrx_word' id='word_1_191' title='bbox 1427 2768 1492 2816; x_wconf 74' lang='lat' dir='ltr'>(p.</span> <span class='ocrx_word' id='word_1_192' title='bbox 1520 2767 1614 2815; x_wconf 88' lang='grc'><strong>108,</strong></span> <span class='ocrx_word' id='word_1_193' title='bbox 1644 2767 1746 2815; x_wconf 79' lang='lat'>12),·</span> <span class='ocrx_word' id='word_1_194' title='bbox 1779 2777 1829 2806; x_wconf 93' lang='grc'>88</span> <span class='ocrx_word' id='word_1_195' title='bbox 1856 2778 1931 2815; x_wconf 70' lang='lat' dir='ltr'>pr.</span> <span class='ocrx_word' id='word_1_196' title='bbox 1961 2778 2018 2809; x_wconf 84' lang='lat' dir='ltr'>m.</span> <span class='ocrx_word' id='word_1_197' title='bbox 2043 2777 2141 2816; x_wconf 65' lang='lat' dir='ltr'>om„</span> <span class='ocrx_word' id='word_1_198' title='bbox 2179 2778 2238 2809; x_wconf 90' lang='lat' dir='ltr'>m.</span> <span class='ocrx_word' id='word_1_199' title='bbox 2263 2767 2325 2807; x_wconf 84' lang='lat' dir='ltr'>al.</span> <span class='ocrx_word' id='word_1_200' title='bbox 2351 2769 2457 2815; x_wconf 74' lang='lat' dir='ltr'>post</span> 
     </span>
     <span class='ocr_line' id='line_1_30' title="bbox 213 2818 2456 2872; baseline -0.001 -11"><span class='ocrx_word' id='word_1_201' title='bbox 213 2822 461 2871; x_wconf 71' lang='lat' dir='ltr'>subiugata</span> <span class='ocrx_word' id='word_1_202' title='bbox 488 2822 629 2871; x_wconf 74' lang='lat' dir='ltr'>suppl.</span> <span class='ocrx_word' id='word_1_203' title='bbox 656 2822 735 2870; x_wconf 78' lang='lat' dir='ltr'>2b‚·</span> <span class='ocrx_word' id='word_1_204' title='bbox 760 2821 816 2870; x_wconf 73' lang='lat' dir='ltr'>cr.</span> <span class='ocrx_word' id='word_1_205' title='bbox 840 2833 890 2870; x_wconf 79' lang='lat' dir='ltr'>p.</span> <span class='ocrx_word' id='word_1_206' title='bbox 910 2822 976 2871; x_wconf 84' lang='grc'>13,</span> <span class='ocrx_word' id='word_1_207' title='bbox 996 2821 1036 2864; x_wconf 88' lang='grc'>6.</span> <span class='ocrx_word' id='word_1_208' title='bbox 1143 2820 1189 2872; x_wconf 88' lang='lat' dir='ltr'>b)</span> <span class='ocrx_word' id='word_1_209' title='bbox 1217 2822 1283 2860; x_wconf 72' lang='lat' dir='ltr'>aa</span> <span class='ocrx_word' id='word_1_210' title='bbox 1312 2824 1349 2864; x_wconf 89' lang='lat'>1.</span> <span class='ocrx_word' id='word_1_211' title='bbox 1376 2821 1433 2860; x_wconf 81' lang='lat' dir='ltr'>2a</span> <span class='ocrx_word' id='word_1_212' title='bbox 1460 2832 1557 2859; x_wconf 81' lang='lat' dir='ltr'>cum</span> <span class='ocrx_word' id='word_1_213' title='bbox 1585 2820 1630 2862; x_wconf 82' lang='lat' dir='ltr'>V.</span> <span class='ocrx_word' id='word_1_214' title='bbox 1659 2820 1887 2870; x_wconf 68' lang='lat' dir='ltr'>Wynneb.,·</span> <span class='ocrx_word' id='word_1_215' title='bbox 1913 2818 2082 2860; x_wconf 84' lang='lat' dir='ltr'>studuit</span> <span class='ocrx_word' id='word_1_216' title='bbox 2108 2820 2203 2862; x_wconf 80' lang='lat' dir='ltr'>rell.</span> <span class='ocrx_word' id='word_1_217' title='bbox 2311 2818 2352 2868; x_wconf 78' lang='grc'>8)</span> <span class='ocrx_word' id='word_1_218' title='bbox 2381 2820 2456 2859; x_wconf 79' lang='lat' dir='ltr'>vel</span> 
     </span>
     <span class='ocr_line' id='line_1_31' title="bbox 213 2873 2454 2925; baseline -0.001 -11"><span class='ocrx_word' id='word_1_219' title='bbox 213 2876 286 2919; x_wconf 80' lang='grc' dir='ltr'>2α.</span> <span class='ocrx_word' id='word_1_220' title='bbox 302 2875 391 2917; x_wconf 50' lang='lat' dir='ltr'>bs.</span> <span class='ocrx_word' id='word_1_221' title='bbox 518 2873 565 2924; x_wconf 84' lang='lat' dir='ltr'>d)</span> <span class='ocrx_word' id='word_1_222' title='bbox 592 2875 696 2914; x_wconf 74' lang='lat' dir='ltr'>laici</span> <span class='ocrx_word' id='word_1_223' title='bbox 721 2876 762 2915; x_wconf 77' lang='lat'>4.</span> <span class='ocrx_word' id='word_1_224' title='bbox 892 2873 935 2924; x_wconf 86' lang='grc'>8)</span> <span class='ocrx_word' id='word_1_225' title='bbox 963 2875 1159 2914; x_wconf 80' lang='lat' dir='ltr'>venisset</span> <span class='ocrx_word' id='word_1_226' title='bbox 1183 2874 1224 2925; x_wconf 77' lang='lat'>8,</span> <span class='ocrx_word' id='word_1_227' title='bbox 1253 2884 1367 2916; x_wconf 73' lang='lat' dir='ltr'>corr.</span> <span class='ocrx_word' id='word_1_228' title='bbox 1491 2874 1529 2922; x_wconf 80' lang='lat' dir='ltr'>s)</span> <span class='ocrx_word' id='word_1_229' title='bbox 1554 2875 1622 2912; x_wconf 74' lang='lat' dir='ltr'>ita</span> <span class='ocrx_word' id='word_1_230' title='bbox 1640 2885 1716 2922; x_wconf 75' lang='lat' dir='ltr'>pr.</span> <span class='ocrx_word' id='word_1_231' title='bbox 1745 2885 1799 2916; x_wconf 86' lang='lat' dir='ltr'>m.</span> <span class='ocrx_word' id='word_1_232' title='bbox 1829 2875 1850 2912; x_wconf 90' lang='lat'>1</span> <span class='ocrx_word' id='word_1_233' title='bbox 1881 2877 1920 2911; x_wconf 71' lang='lat' dir='ltr'>et</span> <span class='ocrx_word' id='word_1_234' title='bbox 1945 2873 2136 2920; x_wconf 69' lang='lat' dir='ltr'>fortasse</span> <span class='ocrx_word' id='word_1_235' title='bbox 2161 2875 2219 2911; x_wconf 83' lang='lat' dir='ltr'>4a</span> <span class='ocrx_word' id='word_1_236' title='bbox 2245 2873 2356 2918; x_wconf 79' lang='lat' dir='ltr'>(non</span> <span class='ocrx_word' id='word_1_237' title='bbox 2379 2873 2454 2922; x_wconf 80' lang='lat'>4),·</span> 
     </span>
     <span class='ocr_line' id='line_1_32' title="bbox 214 2926 2459 2978; baseline -0 -10"><span class='ocrx_word' id='word_1_238' title='bbox 214 2928 474 2968; x_wconf 72' lang='lat' dir='ltr'>infirmitati</span> <span class='ocrx_word' id='word_1_239' title='bbox 500 2929 596 2970; x_wconf 80' lang='lat' dir='ltr'>rell.</span> <span class='ocrx_word' id='word_1_240' title='bbox 713 2928 762 2978; x_wconf 85' lang='lat' dir='ltr'>g)</span> <span class='ocrx_word' id='word_1_241' title='bbox 790 2931 936 2967; x_wconf 83' lang='lat' dir='ltr'>tutum</span> <span class='ocrx_word' id='word_1_242' title='bbox 964 2929 1005 2977; x_wconf 81' lang='lat'>3,</span> <span class='ocrx_word' id='word_1_243' title='bbox 1033 2938 1149 2970; x_wconf 82' lang='lat' dir='ltr'>eorr.</span> <span class='ocrx_word' id='word_1_244' title='bbox 1258 2926 1307 2978; x_wconf 87' lang='lat' dir='ltr'>h)</span> <span class='ocrx_word' id='word_1_245' title='bbox 1333 2937 1447 2969; x_wconf 75' lang='lat' dir='ltr'>corr.</span> <span class='ocrx_word' id='word_1_246' title='bbox 1473 2927 1671 2976; x_wconf 74' lang='lat' dir='ltr'>erigeret</span> <span class='ocrx_word' id='word_1_247' title='bbox 1698 2928 1738 2976; x_wconf 84' lang='lat'>1,</span> <span class='ocrx_word' id='word_1_248' title='bbox 1767 2931 1806 2965; x_wconf 75' lang='lat' dir='ltr'>et</span> <span class='ocrx_word' id='word_1_249' title='bbox 1833 2927 1898 2965; x_wconf 72' lang='lat' dir='ltr'>ita</span> <span class='ocrx_word' id='word_1_250' title='bbox 1925 2927 2024 2970; x_wconf 74' lang='lat' dir='ltr'>rell.</span> <span class='ocrx_word' id='word_1_251' title='bbox 2131 2927 2164 2974; x_wconf 81' lang='lat' dir='ltr'>i)</span> <span class='ocrx_word' id='word_1_252' title='bbox 2192 2930 2324 2975; x_wconf 80' lang='lat' dir='ltr'>pater</span> <span class='ocrx_word' id='word_1_253' title='bbox 2352 2927 2459 2969; x_wconf 72' lang='lat' dir='ltr'>aad.</span> 
     </span>
     <span class='ocr_line' id='line_1_33' title="bbox 213 2977 2018 3031; baseline 0.001 -11"><span class='ocrx_word' id='word_1_254' title='bbox 213 2982 344 3024; x_wconf 81' lang='lat' dir='ltr'>2a.b.</span> <span class='ocrx_word' id='word_1_255' title='bbox 362 2993 398 3025; x_wconf 81' lang='lat' dir='ltr'>c.</span> <span class='ocrx_word' id='word_1_256' title='bbox 503 2979 553 3031; x_wconf 84' lang='lat' dir='ltr'>k)</span> <span class='ocrx_word' id='word_1_257' title='bbox 579 2982 834 3029; x_wconf 63' lang='lat' dir='ltr'>minimisff)</span> <span class='ocrx_word' id='word_1_258' title='bbox 852 2992 927 3030; x_wconf 73' lang='lat' dir='ltr'>pr.</span> <span class='ocrx_word' id='word_1_259' title='bbox 956 2993 1012 3024; x_wconf 84' lang='lat' dir='ltr'>m.</span> <span class='ocrx_word' id='word_1_260' title='bbox 1040 2982 1078 3024; x_wconf 88' lang='lat'>1.</span> <span class='ocrx_word' id='word_1_261' title='bbox 1186 2980 1218 3028; x_wconf 91' lang='lat' dir='ltr'>l)</span> <span class='ocrx_word' id='word_1_262' title='bbox 1245 2979 1339 3024; x_wconf 81' lang='lat' dir='ltr'>des.</span> <span class='ocrx_word' id='word_1_263' title='bbox 1365 2990 1414 3020; x_wconf 85' lang='grc'>88</span> <span class='ocrx_word' id='word_1_264' title='bbox 1442 2980 1511 3023; x_wconf 71' lang='grc'>28.</span> <span class='ocrx_word' id='word_1_265' title='bbox 1527 2980 1576 3028; x_wconf 74' lang='grc' dir='ltr'><strong>ὀ,-</strong></span> <span class='ocrx_word' id='word_1_266' title='bbox 1606 2977 1855 3020; x_wconf 81' lang='lat' dir='ltr'>discederet</span> <span class='ocrx_word' id='word_1_267' title='bbox 1881 2990 1928 3019; x_wconf 86' lang='grc'>88</span> <span class='ocrx_word' id='word_1_268' title='bbox 1956 2980 2018 3021; x_wconf 75' lang='grc'>28.</span> 
     </span>
    </p>
   </div>
   <div class='ocr_carea' id='block_1_9' title="bbox 212 3102 2467 4164">
    <p class='ocr_par' dir='ltr' id='par_1_9' title="bbox 212 3102 2467 4164">
     <span class='ocr_line' id='line_1_34' title="bbox 216 3102 2459 3172; baseline -0.003 -12"><span class='ocrx_word' id='word_1_269' title='bbox 216 3107 271 3172; x_wconf 92' lang='lat'>1)</span> <span class='ocrx_word' id='word_1_270' title='bbox 332 3105 415 3170; x_wconf 81' lang='lat' dir='ltr'>Cf.</span> <span class='ocrx_word' id='word_1_271' title='bbox 463 3104 525 3157; x_wconf 89' lang='lat' dir='ltr'>V.</span> <span class='ocrx_word' id='word_1_272' title='bbox 563 3105 841 3157; x_wconf 69' lang='lat' dir='ltr'>Gudberct&#39;i</span> <span class='ocrx_word' id='word_1_273' title='bbox 891 3109 1027 3158; x_wconf 69' lang='lat' dir='ltr'>aad.</span> <span class='ocrx_word' id='word_1_274' title='bbox 1068 3105 1215 3156; x_wconf 84' lang='lat' dir='ltr'>Beda</span> <span class='ocrx_word' id='word_1_275' title='bbox 1259 3120 1299 3158; x_wconf 86' lang='lat' dir='ltr'>c.</span> <span class='ocrx_word' id='word_1_276' title='bbox 1338 3106 1371 3158; x_wconf 87' lang='grc'><strong>9</strong></span> <span class='ocrx_word' id='word_1_277' title='bbox 1408 3104 1732 3169; x_wconf 76' lang='lat' dir='ltr'>(Stevenson,</span> <span class='ocrx_word' id='word_1_278' title='bbox 1771 3104 1950 3155; x_wconf 84' lang='lat' dir='ltr'>Bedae</span> <span class='ocrx_word' id='word_1_279' title='bbox 1990 3102 2164 3171; x_wconf 81' lang='lat' dir='ltr'>Opera</span> <span class='ocrx_word' id='word_1_280' title='bbox 2198 3103 2459 3155; x_wconf 72' lang='lat' dir='ltr'>historica</span> 
     </span>
     <span class='ocr_line' id='line_1_35' title="bbox 214 3173 2457 3243; baseline 0 -17"><span class='ocrx_word' id='word_1_281' title='bbox 214 3179 435 3228; x_wconf 78' lang='lat' dir='ltr'>minora</span> <span class='ocrx_word' id='word_1_282' title='bbox 480 3192 542 3242; x_wconf 81' lang='lat' dir='ltr'>p.</span> <span class='ocrx_word' id='word_1_283' title='bbox 580 3179 675 3238; x_wconf 85' lang='grc'>67)</span> <span class='ocrx_word' id='word_1_284' title='bbox 689 3193 709 3226; x_wconf 89' lang='grc'>.·</span> <span class='ocrx_word' id='word_1_285' title='bbox 764 3174 971 3228; x_wconf 87' lang='lat' dir='ltr'>Crebro</span> <span class='ocrx_word' id='word_1_286' title='bbox 1020 3175 1139 3242; x_wconf 85' lang='lat' dir='ltr'>ipse</span> <span class='ocrx_word' id='word_1_287' title='bbox 1189 3174 1259 3227; x_wconf 92' lang='lat' dir='ltr'>de</span> <span class='ocrx_word' id='word_1_288' title='bbox 1307 3175 1640 3227; x_wconf 82' lang='lat' dir='ltr'>monasterio</span> <span class='ocrx_word' id='word_1_289' title='bbox 1677 3190 1938 3243; x_wconf 78' lang='lat' dir='ltr'>egressus,</span> <span class='ocrx_word' id='word_1_290' title='bbox 1995 3173 2279 3241; x_wconf 84' lang='lat' dir='ltr'>aliquoties</span> <span class='ocrx_word' id='word_1_291' title='bbox 2317 3189 2457 3240; x_wconf 89' lang='lat' dir='ltr'>equo</span> 
     </span>
     <span class='ocr_line' id='line_1_36' title="bbox 214 3243 2457 3314; baseline -0 -17"><span class='ocrx_word' id='word_1_292' title='bbox 214 3245 430 3312; x_wconf 74' lang='lat' dir='ltr'>sedem,</span> <span class='ocrx_word' id='word_1_293' title='bbox 468 3245 564 3299; x_wconf 84' lang='lat' dir='ltr'>sed</span> <span class='ocrx_word' id='word_1_294' title='bbox 600 3246 812 3314; x_wconf 85' lang='lat' dir='ltr'>saepius</span> <span class='ocrx_word' id='word_1_295' title='bbox 849 3245 1082 3314; x_wconf 86' lang='lat' dir='ltr'>pedibus</span> <span class='ocrx_word' id='word_1_296' title='bbox 1118 3244 1392 3312; x_wconf 83' lang='lat' dir='ltr'>incedens,</span> <span class='ocrx_word' id='word_1_297' title='bbox 1437 3244 1854 3312; x_wconf 82' lang='lat' dir='ltr'>circumpositas</span> <span class='ocrx_word' id='word_1_298' title='bbox 1890 3243 2145 3298; x_wconf 81' lang='lat' dir='ltr'>veniebat</span> <span class='ocrx_word' id='word_1_299' title='bbox 2195 3243 2266 3296; x_wconf 87' lang='lat' dir='ltr'>ad</span> <span class='ocrx_word' id='word_1_300' title='bbox 2301 3243 2457 3296; x_wconf 80' lang='lat' dir='ltr'>villas</span> 
     </span>
     <span class='ocr_line' id='line_1_37' title="bbox 215 3313 2457 3384; baseline -0.001 -15"><span class='ocrx_word' id='word_1_301' title='bbox 215 3322 273 3369; x_wconf 90' lang='lat' dir='ltr'>et</span> <span class='ocrx_word' id='word_1_302' title='bbox 309 3315 459 3370; x_wconf 77' lang='lat' dir='ltr'>viam</span> <span class='ocrx_word' id='word_1_303' title='bbox 494 3317 741 3370; x_wconf 84' lang='lat' dir='ltr'>veritatis</span> <span class='ocrx_word' id='word_1_304' title='bbox 776 3316 1127 3384; x_wconf 82' lang='lat' dir='ltr'>praedicabat</span> <span class='ocrx_word' id='word_1_305' title='bbox 1164 3315 1488 3371; x_wconf 81' lang='lat' dir='ltr'>errantibus.</span> <span class='ocrx_word' id='word_1_306' title='bbox 1544 3347 1617 3355; x_wconf 91' lang='lat'>—</span> <span class='ocrx_word' id='word_1_307' title='bbox 1652 3347 1724 3355; x_wconf 91' lang='lat'>—</span> <span class='ocrx_word' id='word_1_308' title='bbox 1776 3314 1915 3368; x_wconf 82' lang='lat' dir='ltr'>Erat</span> <span class='ocrx_word' id='word_1_309' title='bbox 1950 3316 2151 3383; x_wconf 89' lang='lat' dir='ltr'>quippe</span> <span class='ocrx_word' id='word_1_310' title='bbox 2187 3313 2354 3367; x_wconf 85' lang='lat' dir='ltr'>moris</span> <span class='ocrx_word' id='word_1_311' title='bbox 2392 3330 2457 3367; x_wconf 90' lang='lat' dir='ltr'>eo</span> 
     </span>
     <span class='ocr_line' id='line_1_38' title="bbox 214 3384 2458 3456; baseline -0.002 -16"><span class='ocrx_word' id='word_1_312' title='bbox 214 3392 469 3456; x_wconf 87' lang='lat' dir='ltr'>tempore</span> <span class='ocrx_word' id='word_1_313' title='bbox 503 3385 721 3455; x_wconf 87' lang='lat' dir='ltr'>populis</span> <span class='ocrx_word' id='word_1_314' title='bbox 760 3387 1087 3456; x_wconf 84' lang='lat' dir='ltr'>Anglorum‚</span> <span class='ocrx_word' id='word_1_315' title='bbox 1124 3390 1202 3453; x_wconf 87' lang='lat' dir='ltr'>ut,</span> <span class='ocrx_word' id='word_1_316' title='bbox 1239 3385 1495 3440; x_wconf 82' lang='lat' dir='ltr'>veniente</span> <span class='ocrx_word' id='word_1_317' title='bbox 1532 3386 1589 3439; x_wconf 91' lang='lat' dir='ltr'>in</span> <span class='ocrx_word' id='word_1_318' title='bbox 1625 3386 1814 3439; x_wconf 82' lang='lat' dir='ltr'>villam</span> <span class='ocrx_word' id='word_1_319' title='bbox 1863 3385 2062 3440; x_wconf 88' lang='lat' dir='ltr'>clerico</span> <span class='ocrx_word' id='word_1_320' title='bbox 2099 3385 2186 3438; x_wconf 86' lang='lat' dir='ltr'>vel</span> <span class='ocrx_word' id='word_1_321' title='bbox 2235 3384 2458 3452; x_wconf 83' lang='lat' dir='ltr'>presby·</span> 
     </span>
     <span class='ocr_line' id='line_1_39' title="bbox 212 3455 2461 3526; baseline -0.003 -14"><span class='ocrx_word' id='word_1_322' title='bbox 212 3463 355 3525; x_wconf 87' lang='lat' dir='ltr'>ter0,</span> <span class='ocrx_word' id='word_1_323' title='bbox 394 3459 577 3511; x_wconf 89' lang='lat' dir='ltr'>cuncti</span> <span class='ocrx_word' id='word_1_324' title='bbox 614 3457 682 3510; x_wconf 85' lang='lat' dir='ltr'>ad</span> <span class='ocrx_word' id='word_1_325' title='bbox 722 3459 837 3511; x_wconf 81' lang='lat' dir='ltr'>eius</span> <span class='ocrx_word' id='word_1_326' title='bbox 872 3457 1162 3526; x_wconf 89' lang='lat' dir='ltr'>imperium</span> <span class='ocrx_word' id='word_1_327' title='bbox 1200 3459 1428 3511; x_wconf 85' lang='lat' dir='ltr'>verbum</span> <span class='ocrx_word' id='word_1_328' title='bbox 1465 3457 1707 3510; x_wconf 85' lang='lat' dir='ltr'>audituri</span> <span class='ocrx_word' id='word_1_329' title='bbox 1743 3456 2097 3522; x_wconf 85' lang='lat' dir='ltr'>confluerent,</span> <span class='ocrx_word' id='word_1_330' title='bbox 2133 3455 2372 3508; x_wconf 86' lang='lat' dir='ltr'>libenter</span> <span class='ocrx_word' id='word_1_331' title='bbox 2395 3471 2461 3508; x_wconf 85' lang='lat' dir='ltr'>ea</span> 
     </span>
     <span class='ocr_line' id='line_1_40' title="bbox 216 3526 2462 3597; baseline -0.002 -15"><span class='ocrx_word' id='word_1_332' title='bbox 216 3546 360 3597; x_wconf 86' lang='lat' dir='ltr'>quae</span> <span class='ocrx_word' id='word_1_333' title='bbox 396 3527 707 3582; x_wconf 87' lang='lat' dir='ltr'>dicerentur</span> <span class='ocrx_word' id='word_1_334' title='bbox 743 3528 995 3582; x_wconf 83' lang='lat' dir='ltr'>audirent</span> <span class='ocrx_word' id='word_1_335' title='bbox 1030 3528 1397 3595; x_wconf 84' lang='lat' dir='ltr'>libentiusque</span> <span class='ocrx_word' id='word_1_336' title='bbox 1433 3545 1573 3595; x_wconf 81' lang='lat' dir='ltr'>quae</span> <span class='ocrx_word' id='word_1_337' title='bbox 1613 3527 1800 3580; x_wconf 86' lang='lat' dir='ltr'>audire</span> <span class='ocrx_word' id='word_1_338' title='bbox 1838 3531 1894 3580; x_wconf 90' lang='lat' dir='ltr'>et</span> <span class='ocrx_word' id='word_1_339' title='bbox 1937 3526 2256 3595; x_wconf 85' lang='lat' dir='ltr'>intellegere</span> <span class='ocrx_word' id='word_1_340' title='bbox 2305 3529 2462 3594; x_wconf 85' lang='lat' dir='ltr'>pote-</span> 
     </span>
     <span class='ocr_line' id='line_1_41' title="bbox 214 3596 2461 3668; baseline 0 -16"><span class='ocrx_word' id='word_1_341' title='bbox 214 3605 342 3653; x_wconf 82' lang='lat' dir='ltr'>rant</span> <span class='ocrx_word' id='word_1_342' title='bbox 380 3599 658 3668; x_wconf 87' lang='lat' dir='ltr'>operando</span> <span class='ocrx_word' id='word_1_343' title='bbox 694 3603 1051 3667; x_wconf 82' lang='lat' dir='ltr'>sequerentur</span> <span class='ocrx_word' id='word_1_344' title='bbox 1085 3601 1177 3664; x_wconf 89' lang='lat'>(=</span> <span class='ocrx_word' id='word_1_345' title='bbox 1217 3599 1359 3654; x_wconf 72' lang='lat' dir='ltr'>Hiet.</span> <span class='ocrx_word' id='word_1_346' title='bbox 1398 3601 1512 3652; x_wconf 84' lang='lat' dir='ltr'>eccl.</span> <span class='ocrx_word' id='word_1_347' title='bbox 1548 3599 1653 3665; x_wconf 85' lang='lat' dir='ltr'>IV,</span> <span class='ocrx_word' id='word_1_348' title='bbox 1693 3602 1765 3654; x_wconf 82' lang='lat'>25</span> <span class='ocrx_word' id='word_1_349' title='bbox 1802 3601 2003 3666; x_wconf 77' lang='lat'>[27]),·</span> <span class='ocrx_word' id='word_1_350' title='bbox 2051 3600 2118 3663; x_wconf 79' lang='lat' dir='ltr'>cf.</span> <span class='ocrx_word' id='word_1_351' title='bbox 2156 3596 2299 3650; x_wconf 71' lang='lat' dir='ltr'>Hist.</span> <span class='ocrx_word' id='word_1_352' title='bbox 2343 3596 2461 3652; x_wconf 81' lang='lat' dir='ltr'>eccl.</span> 
     </span>
     <span class='ocr_line' id='line_1_42' title="bbox 214 3667 2460 3739; baseline -0.001 -17"><span class='ocrx_word' id='word_1_353' title='bbox 214 3672 334 3737; x_wconf 94' lang='lat' dir='ltr'>III,</span> <span class='ocrx_word' id='word_1_354' title='bbox 387 3675 459 3727; x_wconf 85' lang='lat'>26</span> <span class='ocrx_word' id='word_1_355' title='bbox 475 3688 499 3735; x_wconf 90' lang='lat'>‚·</span> <span class='ocrx_word' id='word_1_356' title='bbox 549 3673 701 3739; x_wconf 75' lang='lat' dir='ltr'>epist.</span> <span class='ocrx_word' id='word_1_357' title='bbox 755 3671 929 3724; x_wconf 80' lang='lat' dir='ltr'>Bedae</span> <span class='ocrx_word' id='word_1_358' title='bbox 984 3672 1057 3722; x_wconf 80' lang='lat' dir='ltr'>ad</span> <span class='ocrx_word' id='word_1_359' title='bbox 1105 3671 1423 3737; x_wconf 73' lang='lat' dir='ltr'>Ecyhertum</span> <span class='ocrx_word' id='word_1_360' title='bbox 1474 3687 1515 3725; x_wconf 84' lang='grc'>8.</span> <span class='ocrx_word' id='word_1_361' title='bbox 1562 3673 1600 3724; x_wconf 85' lang='grc'>4</span> <span class='ocrx_word' id='word_1_362' title='bbox 1653 3669 1968 3735; x_wconf 83' lang='lat' dir='ltr'>(Plummer,</span> <span class='ocrx_word' id='word_1_363' title='bbox 2022 3668 2232 3720; x_wconf 82' lang='lat' dir='ltr'>Baedae</span> <span class='ocrx_word' id='word_1_364' title='bbox 2285 3667 2460 3736; x_wconf 82' lang='lat' dir='ltr'>Opera</span> 
     </span>
     <span class='ocr_line' id='line_1_43' title="bbox 215 3739 2460 3809; baseline -0.001 -16"><span class='ocrx_word' id='word_1_365' title='bbox 215 3743 481 3795; x_wconf 67' lang='lat' dir='ltr'>historica</span> <span class='ocrx_word' id='word_1_366' title='bbox 517 3742 565 3805; x_wconf 88' lang='lat' dir='ltr'>I,</span> <span class='ocrx_word' id='word_1_367' title='bbox 601 3745 751 3809; x_wconf 84' lang='lat'><em>408).</em></span> <span class='ocrx_word' id='word_1_368' title='bbox 912 3744 971 3809; x_wconf 84' lang='lat'>2)</span> <span class='ocrx_word' id='word_1_369' title='bbox 1012 3742 1264 3793; x_wconf 79' lang='lat' dir='ltr'>Patriam</span> <span class='ocrx_word' id='word_1_370' title='bbox 1301 3742 1579 3805; x_wconf 74' lang='lat' dir='ltr'>Bonifatii</span> <span class='ocrx_word' id='word_1_371' title='bbox 1613 3743 1922 3792; x_wconf 77' lang='lat' dir='ltr'>accuratius</span> <span class='ocrx_word' id='word_1_372' title='bbox 1957 3739 2322 3792; x_wconf 55' lang='lat' dir='ltr'>circumscribi</span> <span class='ocrx_word' id='word_1_373' title='bbox 2354 3754 2460 3790; x_wconf 85' lang='lat' dir='ltr'>non</span> 
     </span>
     <span class='ocr_line' id='line_1_44' title="bbox 215 3809 2462 3880; baseline -0.002 -15"><span class='ocrx_word' id='word_1_374' title='bbox 215 3815 353 3876; x_wconf 78' lang='lat' dir='ltr'>licet,</span> <span class='ocrx_word' id='word_1_375' title='bbox 388 3815 499 3865; x_wconf 75' lang='lat' dir='ltr'>nisi</span> <span class='ocrx_word' id='word_1_376' title='bbox 532 3813 672 3880; x_wconf 79' lang='lat' dir='ltr'>quod</span> <span class='ocrx_word' id='word_1_377' title='bbox 707 3813 770 3864; x_wconf 80' lang='lat' dir='ltr'>ob</span> <span class='ocrx_word' id='word_1_378' title='bbox 793 3813 1269 3865; x_wconf 55' lang='lat' dir='ltr'>AdssEseaneastre</span> <span class='ocrx_word' id='word_1_379' title='bbox 1304 3815 1686 3865; x_wconf 70' lang='lat' dir='ltr'>monasterium</span> <span class='ocrx_word' id='word_1_380' title='bbox 1721 3814 1877 3877; x_wconf 77' lang='lat' dir='ltr'>infra</span> <span class='ocrx_word' id='word_1_381' title='bbox 1913 3817 2372 3864; x_wconf 76' lang='lat' dir='ltr'>commemoratum</span> <span class='ocrx_word' id='word_1_382' title='bbox 2398 3809 2462 3860; x_wconf 82' lang='lat' dir='ltr'>de</span> 
     </span>
     <span class='ocr_line' id='line_1_45' title="bbox 215 3881 2460 3950; baseline -0.001 -15"><span class='ocrx_word' id='word_1_383' title='bbox 215 3886 434 3950; x_wconf 72' lang='lat' dir='ltr'>reqione</span> <span class='ocrx_word' id='word_1_384' title='bbox 481 3885 781 3936; x_wconf 70' lang='lat' dir='ltr'>Exoniensi</span> <span class='ocrx_word' id='word_1_385' title='bbox 827 3885 1167 3950; x_wconf 72' lang='lat' dir='ltr'>eoyitandum</span> <span class='ocrx_word' id='word_1_386' title='bbox 1214 3885 1421 3936; x_wconf 59' lang='lat' dir='ltr'>videtur</span> <span class='ocrx_word' id='word_1_387' title='bbox 1468 3899 1591 3937; x_wconf 77' lang='grc'><strong>8888.</strong></span> <span class='ocrx_word' id='word_1_388' title='bbox 1682 3883 2072 3935; x_wconf 70' lang='lat' dir='ltr'>Cridiodunnm</span> <span class='ocrx_word' id='word_1_389' title='bbox 2121 3885 2180 3932; x_wconf 84' lang='lat' dir='ltr'>in</span> <span class='ocrx_word' id='word_1_390' title='bbox 2223 3881 2460 3932; x_wconf 78' lang='lat' dir='ltr'>Devenia</span> 
     </span>
     <span class='ocr_line' id='line_1_46' title="bbox 216 3952 2467 4020; baseline -0.002 -13"><span class='ocrx_word' id='word_1_391' title='bbox 216 3956 385 4007; x_wconf 73' lang='lat' dir='ltr'>situm</span> <span class='ocrx_word' id='word_1_392' title='bbox 439 3955 617 4019; x_wconf 78' lang='lat' dir='ltr'>(hodie</span> <span class='ocrx_word' id='word_1_393' title='bbox 668 3955 915 4007; x_wconf 79' lang='lat' dir='ltr'>Crediton</span> <span class='ocrx_word' id='word_1_394' title='bbox 969 3955 1041 4005; x_wconf 83' lang='lat' dir='ltr'>ad</span> <span class='ocrx_word' id='word_1_395' title='bbox 1087 3955 1286 4020; x_wconf 78' lang='lat' dir='ltr'>Creedy</span> <span class='ocrx_word' id='word_1_396' title='bbox 1332 3955 1435 4020; x_wconf 66' lang='lat' dir='ltr'>fl),</span> <span class='ocrx_word' id='word_1_397' title='bbox 1492 3954 1636 4020; x_wconf 74' lang='lat' dir='ltr'>quod</span> <span class='ocrx_word' id='word_1_398' title='bbox 1686 3954 1840 4020; x_wconf 70' lang='lat' dir='ltr'>vulqo</span> <span class='ocrx_word' id='word_1_399' title='bbox 1875 3968 1996 4020; x_wconf 77' lang='lat' dir='ltr'>-pro</span> <span class='ocrx_word' id='word_1_400' title='bbox 2042 3954 2237 4019; x_wconf 77' lang='lat' dir='ltr'>patria</span> <span class='ocrx_word' id='word_1_401' title='bbox 2291 3952 2467 4003; x_wconf 70' lang='lat' dir='ltr'>saneti</span> 
     </span>
     <span class='ocr_line' id='line_1_47' title="bbox 217 4023 2459 4090; baseline -0.003 -12"><span class='ocrx_word' id='word_1_402' title='bbox 217 4027 463 4090; x_wconf 79' lang='lat' dir='ltr'>habetur,</span> <span class='ocrx_word' id='word_1_403' title='bbox 512 4027 721 4078; x_wconf 75' lang='lat' dir='ltr'>saeculo</span> <span class='ocrx_word' id='word_1_404' title='bbox 771 4025 979 4077; x_wconf 84' lang='lat' dir='ltr'>demum</span> <span class='ocrx_word' id='word_1_405' title='bbox 1016 4023 1177 4080; x_wconf 88' lang='lat' dir='ltr'><strong><em>XIV.</em></strong></span> <span class='ocrx_word' id='word_1_406' title='bbox 1230 4026 1304 4076; x_wconf 82' lang='lat' dir='ltr'>ad</span> <span class='ocrx_word' id='word_1_407' title='bbox 1351 4025 1571 4078; x_wconf 82' lang='lat' dir='ltr'>eundem</span> <span class='ocrx_word' id='word_1_408' title='bbox 1621 4025 1850 4078; x_wconf 82' lang='lat' dir='ltr'>relatum</span> <span class='ocrx_word' id='word_1_409' title='bbox 1899 4029 1974 4076; x_wconf 75' lang='lat' dir='ltr'>est</span> <span class='ocrx_word' id='word_1_410' title='bbox 1987 4043 2007 4085; x_wconf 87' lang='lat'>,·</span> <span class='ocrx_word' id='word_1_411' title='bbox 2055 4040 2185 4074; x_wconf 89' lang='lat' dir='ltr'>nam</span> <span class='ocrx_word' id='word_1_412' title='bbox 2225 4026 2459 4089; x_wconf 72' lang='lat' dir='ltr'>primus,</span> 
     </span>
     <span class='ocr_line' id='line_1_48' title="bbox 216 4093 2459 4164; baseline -0.003 -16"><span class='ocrx_word' id='word_1_413' title='bbox 216 4103 482 4164; x_wconf 79' lang='lat' dir='ltr'>quantum</span> <span class='ocrx_word' id='word_1_414' title='bbox 517 4100 637 4163; x_wconf 74' lang='lat' dir='ltr'>ecio,</span> <span class='ocrx_word' id='word_1_415' title='bbox 673 4095 909 4149; x_wconf 85' lang='lat' dir='ltr'>Ioannes</span> <span class='ocrx_word' id='word_1_416' title='bbox 946 4095 1321 4148; x_wconf 84' lang='lat' dir='ltr'>Grandisonus</span> <span class='ocrx_word' id='word_1_417' title='bbox 1358 4096 1643 4164; x_wconf 85' lang='lat' dir='ltr'>episcopus</span> <span class='ocrx_word' id='word_1_418' title='bbox 1679 4094 1903 4148; x_wconf 80' lang='lat' dir='ltr'>lscanu&#39;s</span> <span class='ocrx_word' id='word_1_419' title='bbox 1939 4097 2002 4161; x_wconf 74' lang='lat' dir='ltr'>(i.</span> <span class='ocrx_word' id='word_1_420' title='bbox 2029 4111 2078 4149; x_wconf 80' lang='lat' dir='ltr'>e.</span> <span class='ocrx_word' id='word_1_421' title='bbox 2114 4093 2459 4156; x_wconf 64' lang='lat' dir='ltr'>ExoniensiS,</span> 
     </span>
    </p>
   </div>
   <div class='ocr_carea' id='block_1_10' title="bbox 216 4161 2462 4236">
    <p class='ocr_par' dir='ltr' id='par_1_10' title="bbox 216 4161 2462 4236">
     <span class='ocr_line' id='line_1_49' title="bbox 216 4161 2462 4236; baseline -0.003 -16"><span class='ocrx_word' id='word_1_422' title='bbox 216 4184 268 4222; x_wconf 89' lang='lat' dir='ltr'>a.</span> <span class='ocrx_word' id='word_1_423' title='bbox 300 4169 616 4230; x_wconf 74' lang='lat'><strong>1327—69;</strong></span> <span class='ocrx_word' id='word_1_424' title='bbox 652 4168 725 4231; x_wconf 75' lang='lat' dir='ltr'>of.</span> <span class='ocrx_word' id='word_1_425' title='bbox 761 4183 933 4236; x_wconf 71' lang='lat' dir='ltr'>eupra</span> <span class='ocrx_word' id='word_1_426' title='bbox 960 4184 1021 4234; x_wconf 81' lang='lat' dir='ltr'>p.</span> <span class='ocrx_word' id='word_1_427' title='bbox 1046 4165 1276 4224; x_wconf 88' lang='lat' dir='ltr'><strong><em>XXIX)</em></strong></span> <span class='ocrx_word' id='word_1_428' title='bbox 1312 4166 1370 4219; x_wconf 89' lang='lat' dir='ltr'>in</span> <span class='ocrx_word' id='word_1_429' title='bbox 1407 4165 1547 4220; x_wconf 86' lang='lat' dir='ltr'>libro</span> <span class='ocrx_word' id='word_1_430' title='bbox 1580 4165 1650 4218; x_wconf 88' lang='lat' dir='ltr'>de</span> <span class='ocrx_word' id='word_1_431' title='bbox 1670 4165 1814 4219; x_wconf 85' lang='lat' dir='ltr'>Vitis</span> <span class='ocrx_word' id='word_1_432' title='bbox 1839 4164 2169 4218; x_wconf 79' lang='lat' dir='ltr'>Sanctorum</span> <span class='ocrx_word' id='word_1_433' title='bbox 2204 4161 2462 4216; x_wconf 80' lang='lat' dir='ltr'>adfirmat</span> 
     </span>
    </p>
   </div>
   <div class='ocr_carea' id='block_1_11' title="bbox 125 4234 2458 4304">
    <p class='ocr_par' dir='ltr' id='par_1_11' title="bbox 125 4234 2458 4304">
     <span class='ocr_line' id='line_1_50' title="bbox 125 4234 2458 4304; baseline 0 -16"><span class='ocrx_word' id='word_1_434' title='bbox 125 4247 181 4288; x_wconf 76' lang='lat'>45</span> <span class='ocrx_word' id='word_1_435' title='bbox 218 4255 346 4292; x_wconf 87' lang='lat' dir='ltr'>eum</span> <span class='ocrx_word' id='word_1_436' title='bbox 374 4236 696 4290; x_wconf 86' lang='lat' dir='ltr'>Gridioduni</span> <span class='ocrx_word' id='word_1_437' title='bbox 732 4236 897 4292; x_wconf 83' lang='lat' dir='ltr'>fuisse</span> <span class='ocrx_word' id='word_1_438' title='bbox 933 4241 1140 4304; x_wconf 78' lang='lat' dir='ltr'>natum,</span> <span class='ocrx_word' id='word_1_439' title='bbox 1177 4243 1301 4290; x_wconf 71' lang='lat' dir='ltr'>teate</span> <span class='ocrx_word' id='word_1_440' title='bbox 1324 4238 1563 4290; x_wconf 80' lang='lat' dir='ltr'>Iohanne</span> <span class='ocrx_word' id='word_1_441' title='bbox 1586 4237 1827 4289; x_wconf 83' lang='lat' dir='ltr'>Lelando</span> <span class='ocrx_word' id='word_1_442' title='bbox 1851 4237 2162 4303; x_wconf 76' lang='lat' dir='ltr'>antiquario</span> <span class='ocrx_word' id='word_1_443' title='bbox 2185 4237 2248 4298; x_wconf 82' lang='lat'>(†</span> <span class='ocrx_word' id='word_1_444' title='bbox 2271 4234 2458 4298; x_wconf 78' lang='lat'>1552),</span> 
     </span>
    </p>
   </div>
   <div class='ocr_carea' id='block_1_12' title="bbox 209 4303 2466 4589">
    <p class='ocr_par' dir='ltr' id='par_1_12' title="bbox 209 4303 2466 4589">
     <span class='ocr_line' id='line_1_51' title="bbox 221 4303 2466 4377; baseline -0.004 -15"><span class='ocrx_word' id='word_1_445' title='bbox 221 4310 607 4362; x_wconf 75' lang='lat' dir='ltr'>Commentarii</span> <span class='ocrx_word' id='word_1_446' title='bbox 639 4309 701 4362; x_wconf 83' lang='lat' dir='ltr'>de</span> <span class='ocrx_word' id='word_1_447' title='bbox 734 4308 1085 4377; x_wconf 66' lang='lat' dir='ltr'>scriptoribus</span> <span class='ocrx_word' id='word_1_448' title='bbox 1119 4308 1457 4360; x_wconf 47' lang='lat' dir='ltr'>Britannicis</span> <span class='ocrx_word' id='word_1_449' title='bbox 1502 4324 1543 4362; x_wconf 84' lang='lat' dir='ltr'>o.</span> <span class='ocrx_word' id='word_1_450' title='bbox 1583 4310 1655 4362; x_wconf 85' lang='lat'>92</span> <span class='ocrx_word' id='word_1_451' title='bbox 1691 4309 1794 4372; x_wconf 82' lang='lat' dir='ltr'>(ed.</span> <span class='ocrx_word' id='word_1_452' title='bbox 1830 4308 1960 4361; x_wconf 73' lang='lat' dir='ltr'>Ant.</span> <span class='ocrx_word' id='word_1_453' title='bbox 1997 4306 2136 4358; x_wconf 77' lang='lat' dir='ltr'>Hau</span> <span class='ocrx_word' id='word_1_454' title='bbox 2171 4305 2220 4369; x_wconf 93' lang='lat' dir='ltr'>I,</span> <span class='ocrx_word' id='word_1_455' title='bbox 2263 4303 2466 4355; x_wconf 72' lang='lat' dir='ltr'>oxonii</span> 
     </span>
     <span class='ocr_line' id='line_1_52' title="bbox 221 4375 2463 4447; baseline -0.004 -12"><span class='ocrx_word' id='word_1_456' title='bbox 221 4383 379 4445; x_wconf 88' lang='grc'><strong>1709,</strong></span> <span class='ocrx_word' id='word_1_457' title='bbox 422 4397 481 4446; x_wconf 83' lang='lat' dir='ltr'>p.</span> <span class='ocrx_word' id='word_1_458' title='bbox 522 4378 666 4445; x_wconf 82' lang='lat'>126),</span> <span class='ocrx_word' id='word_1_459' title='bbox 714 4395 817 4447; x_wconf 76' lang='lat' dir='ltr'>quo</span> <span class='ocrx_word' id='word_1_460' title='bbox 852 4395 913 4432; x_wconf 72' lang='grc' dir='ltr'>σω</span> <span class='ocrx_word' id='word_1_461' title='bbox 948 4395 1099 4447; x_wconf 81' lang='lat' dir='ltr'>opere</span> <span class='ocrx_word' id='word_1_462' title='bbox 1134 4393 1191 4432; x_wconf 86' lang='lat' dir='ltr'>eo</span> <span class='ocrx_word' id='word_1_463' title='bbox 1226 4385 1453 4446; x_wconf 78' lang='lat' dir='ltr'>tempore</span> <span class='ocrx_word' id='word_1_464' title='bbox 1488 4380 1728 4432; x_wconf 79' lang='lat' dir='ltr'>nondum</span> <span class='ocrx_word' id='word_1_465' title='bbox 1761 4380 1907 4446; x_wconf 72' lang='lat' dir='ltr'>typis</span> <span class='ocrx_word' id='word_1_466' title='bbox 1941 4377 2197 4430; x_wconf 84' lang='lat' dir='ltr'>mandato</span> <span class='ocrx_word' id='word_1_467' title='bbox 2230 4375 2463 4442; x_wconf 65' lang='lat' dir='ltr'>pendam</span> 
     </span>
     <span class='ocr_line' id='line_1_53' title="bbox 218 4445 2463 4518; baseline -0.001 -16"><span class='ocrx_word' id='word_1_468' title='bbox 218 4451 472 4514; x_wconf 74' lang='lat' dir='ltr'>Bulaeus,</span> <span class='ocrx_word' id='word_1_469' title='bbox 522 4451 857 4518; x_wconf 69' lang='lat' dir='ltr'>Scriptorum</span> <span class='ocrx_word' id='word_1_470' title='bbox 907 4451 1203 4502; x_wconf 55' lang='lat' dir='ltr'>illustrium</span> <span class='ocrx_word' id='word_1_471' title='bbox 1246 4449 1481 4502; x_wconf 70' lang='lat' dir='ltr'>Maioris</span> <span class='ocrx_word' id='word_1_472' title='bbox 1530 4449 1836 4516; x_wconf 59' lang='lat' dir='ltr'>Brytannig</span> <span class='ocrx_word' id='word_1_473' title='bbox 1875 4447 2154 4514; x_wconf 75' lang='lat' dir='ltr'>cataloyus</span> <span class='ocrx_word' id='word_1_474' title='bbox 2202 4446 2252 4510; x_wconf 88' lang='lat' dir='ltr'>I,</span> <span class='ocrx_word' id='word_1_475' title='bbox 2301 4445 2463 4510; x_wconf 77' lang='lat'>155⁷,</span> 
     </span>
     <span class='ocr_line' id='line_1_54' title="bbox 209 4519 2466 4589; baseline -0.005 -10"><span class='ocrx_word' id='word_1_476' title='bbox 209 4538 269 4588; x_wconf 78' lang='grc' dir='ltr'>Ρ.</span> <span class='ocrx_word' id='word_1_477' title='bbox 308 4525 432 4588; x_wconf 89' lang='grc'><strong>103,</strong></span> <span class='ocrx_word' id='word_1_478' title='bbox 468 4528 521 4573; x_wconf 78' lang='lat' dir='ltr'>et</span> <span class='ocrx_word' id='word_1_479' title='bbox 557 4522 804 4586; x_wconf 75' lang='lat' dir='ltr'>eamden,</span> <span class='ocrx_word' id='word_1_480' title='bbox 842 4522 1161 4587; x_wconf 72' lang='lat' dir='ltr'>Britannia,</span> <span class='ocrx_word' id='word_1_481' title='bbox 1200 4523 1357 4587; x_wconf 89' lang='grc'><strong>1607,</strong></span> <span class='ocrx_word' id='word_1_482' title='bbox 1402 4539 1457 4589; x_wconf 82' lang='lat' dir='ltr'>p.</span> <span class='ocrx_word' id='word_1_483' title='bbox 1498 4524 1619 4585; x_wconf 88' lang='grc'><strong>147,</strong></span> <span class='ocrx_word' id='word_1_484' title='bbox 1669 4521 1817 4586; x_wconf 80' lang='lat' dir='ltr'>apud</span> <span class='ocrx_word' id='word_1_485' title='bbox 1853 4535 2003 4586; x_wconf 76' lang='lat' dir='ltr'>quem</span> <span class='ocrx_word' id='word_1_486' title='bbox 2041 4519 2182 4570; x_wconf 71' lang='lat' dir='ltr'>loeus</span> <span class='ocrx_word' id='word_1_487' title='bbox 2214 4522 2466 4584; x_wconf 67' lang='lat' dir='ltr'>eoi-rupte</span> 
     </span>
    </p>
   </div>
   <div class='ocr_carea' id='block_1_13' title="bbox 126 4587 2462 4660">
    <p class='ocr_par' dir='ltr' id='par_1_13' title="bbox 126 4587 2462 4660">
     <span class='ocr_line' id='line_1_55' title="bbox 126 4587 2462 4660; baseline -0.004 -13"><span class='ocrx_word' id='word_1_488' title='bbox 126 4606 182 4647; x_wconf 78' lang='grc' dir='ltr'><em>ω</em></span> <span class='ocrx_word' id='word_1_489' title='bbox 219 4592 424 4646; x_wconf 75' lang='lat' dir='ltr'>Kirton</span> <span class='ocrx_word' id='word_1_490' title='bbox 450 4593 622 4657; x_wconf 78' lang='lat' dir='ltr'>audit,</span> <span class='ocrx_word' id='word_1_491' title='bbox 648 4593 776 4645; x_wconf 73' lang='lat' dir='ltr'>aliis</span> <span class='ocrx_word' id='word_1_492' title='bbox 793 4593 1031 4660; x_wconf 75' lang='lat' dir='ltr'>deinceps</span> <span class='ocrx_word' id='word_1_493' title='bbox 1053 4593 1363 4644; x_wconf 70' lang='lat' dir='ltr'>auctoribus</span> <span class='ocrx_word' id='word_1_494' title='bbox 1386 4591 1830 4658; x_wconf 69' lang='lat' dir='ltr'>subsequentibus.</span> <span class='ocrx_word' id='word_1_495' title='bbox 1871 4589 1955 4654; x_wconf 79' lang='lat' dir='ltr'>Cf.</span> <span class='ocrx_word' id='word_1_496' title='bbox 1974 4605 2147 4657; x_wconf 76' lang='lat' dir='ltr'>supra</span> <span class='ocrx_word' id='word_1_497' title='bbox 2164 4605 2224 4655; x_wconf 79' lang='lat' dir='ltr'>p.</span> <span class='ocrx_word' id='word_1_498' title='bbox 2244 4587 2462 4640; x_wconf 85' lang='lat' dir='ltr'><strong><em>XXIX.</em></strong></span> 
     </span>
    </p>
   </div>
  </div>
 </body>
</html>
