3167 5192
1133 524 1595 582 PRAEFATIO.
2402 525 2490 582 IX

234 727 430 772 mere
479 704 564 787 (c.
616 706 710 788 6),
773 709 1131 808 Haegsted
1181 703 1262 787 (o.
1314 706 1403 790 8),
1465 714 1651 788 atque
1712 706 1900 772 etiam
1962 706 2123 774 liber
2166 707 2491 774 Aldhelmi

233 796 316 859 de
347 796 580 861 Laude
624 796 1021 878 viryinitatis
1067 817 1198 862 non
1241 797 1428 862 semel
1473 798 1552 861 ab
1601 817 1671 862 eo
1706 796 2031 862 adhibitus
2050 796 2074 835 1
2102 796 2224 862 huc
2253 797 2491 876 referri

224 890 467 965 potest,
547 906 929 967 quamquam
1006 885 1303 985 opuscula
1379 885 1655 966 episcopi
1724 885 1871 950 Scir
1871 884 2243 951 eburnensis
2316 889 2493 968 apud

236 972 510 1038 Lullum
555 994 794 1056 quoque
837 973 1116 1040 extitisse
1161 973 1558 1040 simillimum
1605 973 1741 1038 veri
1786 981 1939 1040 est.
1896 976 1920 1014 ²

175 1101 200 1142 ο
472 1079 886 1146 Willibaldus
929 1080 1040 1144 vix
1074 1087 1221 1162 post
1263 1102 1324 1144 a.
1376 1087 1410 1144 7
1423 1087 1525 1144 78.
1575 1081 1785 1146 Vitam
1831 1081 2164 1161 Bonifatii
2209 1081 2483 1163 scripsit,

237 1189 384 1232 cum
430 1169 944 1236 sanctimonialis
985 1169 1600 1250 Heidenheimensis,
1650 1191 1810 1252 quae
1867 1171 1982 1235 hoc
2040 1191 2214 1235 anno
2273 1170 2488 1235 Vitam

251 1256 640 1338 Willibaldi,
678 1259 878 1339 paulo
925 1266 1076 1340 post
1129 1259 1560 1342 Wynnebaldi
1620 1258 2019 1341 composuit,
1978 1259 2003 1298 ⁸
2074 1259 2285 1343 ipsam
2330 1279 2486 1324 com-

225 1345 534 1427 pluribus
577 1347 731 1412 locis
775 1346 1031 1412 imitata
1079 1347 1224 1412 sit
1180 1349 1206 1388 4
1331 1347 1475 1412 Alii
1533 1368 1799 1412 monuer
1798 1355 1915 1412 unt
1933 1348 1974 1429 ⁵,
2037 1355 2351 1414 auctorem
2412 1351 2487 1414 de

239 1434 526 1516 Ptppino
585 1456 749 1536 reye
797 1433 869 1517 (†
933 1436 1094 1518 768)
1163 1437 1262 1502 ita
1319 1437 1589 1502 locutum
1648 1458 1796 1517 esse,
1857 1443 1928 1501 ut
1983 1436 2117 1518 ipse
2174 1437 2315 1502 vivo
2374 1437 2486 1502 illo

153 1548 202 1587 ιο
253 1523 470 1588 Vitam
516 1524 846 1607 scripsisse
892 1527 1238 1591 credendus
1283 1532 1474 1590 esset:

331 1647 379 1687 c.
429 1629 492 1686 8.
564 1629 725 1688 Cum
771 1647 919 1688 vero
965 1631 1288 1705 PippinUS,
1351 1630 1623 1686 Domino
1683 1630 1979 1701 donante,
2042 1631 2249 1704 regale
2295 1631 2481 1688 Fran-

561 1720 843 1788 chorum,
889 1720 1040 1777 felix
1086 1719 1432 1794 supradicti
1479 1719 1765 1793 germani
1811 1736 2151 1789 successor,
2215 1737 2480 1794 regnum

563 1809 876 1883 suscepi&

330 1931 376 1971 c.
428 1913 490 1970 8.
541 1914 598 1971 9.
671 1933 709 1972 a
754 1915 1021 1990 glorioso
1069 1932 1213 1990 rege
1261 1915 1546 1990 PippinO,

154 2035 203 2074 ιο
238 2015 353 2078 sed
401 2020 841 2095 aryumentum
897 2013 1064 2079 illud
1117 2021 1289 2080 stare
1346 2014 1457 2078 vix
1509 2019 1711 2098 potest
1727 2015 1768 2096 ⁶,
1832 2035 1971 2079 cum
2028 2013 2244 2080 Caroli
2304 2015 2483 2082 ducis

241 2099 314 2182 (†
364 2105 523 2186 741)
586 2102 998 2169 Williba-ldus
1043 2105 1252 2168 eodem
1296 2105 1477 2167 modo
1522 2102 1914 2168 meminerit:

329 2233 376 2272 c.
429 2214 489 2273 4.
563 2215 817 2274 Carlum
863 2218 1212 2292 principem
1257 2218 1723 2292 gloriosumque
1757 2217 1984 2274 ducem
2016 2217 2477 2287 Franchorum;

330 2322 376 2362 c.
430 2303 490 2362 5.
542 2303 600 2362 6.
647 2304 702 2362 7.
776 2304 941 2363 Oarli
988 2307 1166 2364 ducis
1215 2307 1485 2381 gloriosi,

239 2403 421 2468 ouius
465 2403 698 2469 obitum
741 2404 880 2490 ipse
923 2405 1162 2471 rettulit
1222 2404 1308 2488 (c.
1360 2406 1451 2486 7),
1515 2407 1665 2470 dum
1711 2404 1980 2488 Pippini
2024 2405 2240 2470 multis
2285 2405 2482 2470 annis

148 2515 202 2554 πο
226 2499 374 2572 post
402 2487 814 2573 Bonifatium
861 2494 1147 2595 defuncti
1189 2494 1568 2560 mentionem
1612 2494 1828 2573 facere
1872 2494 2151 2560 auctoris
2195 2515 2327 2560 non
2370 2501 2475 2561 est.

237 2581 539 2646 Attamen
595 2604 666 2647 re
722 2604 876 2648 vera
933 2583 1076 2648 vivo
1131 2605 1276 2667 reye
1332 2583 1665 2665 scripsisse
1718 2583 1983 2663 videtur,
2054 2583 2127 2648 id
2182 2585 2349 2664 quod
2404 2604 2481 2648 ex

237 2691 389 2734 aevo
449 2671 823 2755 Meyinyozi
887 2671 1290 2755 intelleyitur,
1362 2672 1465 2738 cui
1521 2693 1659 2736 una
1728 2693 1865 2737 cum
1925 2671 2115 2736 Lutto
2175 2672 2325 2736 Vita
2382 2671 2478 2736 in-

237 2759 476 2841 scripta
541 2767 646 2825 est.
750 2761 1140 2826 Burchardo
1205 2761 1372 2826 enim
1443 2760 1730 2844 episcopo
1802 2760 2314 2842 Wirziburyensi
2380 2763 2476 2826 de-

237 2847 458 2926 functo
479 2849 500 2888 ⁷
530 2848 952 2932 Meyinyozus
997 2849 1078 2915 ab
1124 2849 1261 2931 ipso
1290 2849 1634 2929 Bonifatio
1681 2849 2017 2914 ordinatus
2060 2856 2440 2916 successerat
2453 2851 2478 2888 ⁸

148 2959 203 2998 ιο
238 2943 424 3019 atque
481 2938 672 3003 etiam
733 2961 794 3004 a.
847 2945 994 3002 762.
1028 2959 1123 3004 ecc.
1183 2939 1355 3004 inter
1409 2939 1584 3003 vivos
1642 2939 1899 3020 deyebat
1916 2939 1959 3019 9,
2022 2940 2134 3004 sed
2198 2961 2261 3003 a.
2327 2944 2475 3003 769.

242 3147 298 3213 1)
343 3147 425 3212 Cf.
463 3164 597 3215 quae
630 3149 706 3200 ad
731 3149 874 3216 prol.
911 3155 960 3202 et
1007 3165 1050 3203 c.
1087 3151 1139 3203 2.
1177 3151 1226 3203 3.
1266 3151 1302 3204 8
1337 3154 1426 3203 eto.
1477 3149 1744 3203 adnotavi.
1925 3149 1981 3214 2)
2027 3148 2307 3215 Epistulae
2341 3162 2477 3200 non-

238 3219 422 3270 nullae
469 3220 745 3271 Aldhelmi
791 3222 932 3272 inter
968 3221 1360 3284 Bonifatianas
1406 3225 1641 3287 receptae
1687 3225 1831 3285 sunt,
1885 3226 2043 3286 atque
2091 3219 2281 3271 Lulbus
2316 3219 2477 3272 Deal-

237 3293 437 3341 winum
488 3293 696 3356 royavit
709 3329 726 3356 ,
786 3297 846 3342 ut
907 3292 1162 3358 opuscula
1214 3292 1364 3343 illius
1415 3291 1520 3343 sibi
1573 3293 1954 3343 transmitteret
2006 3291 2215 3356 (Bonif.
2268 3306 2347 3356 ep.
2387 3293 2473 3356 71,

231 3379 289 3427 p.
327 3363 474 3428 338).
652 3363 710 3427 3)
757 3363 840 3427 Of.
880 3361 1338 3428 Holder-E'yyer,
1389 3363 1484 3416 SS.
1525 3363 1655 3423 XV,
1690 3365 1779 3427 81,
1830 3365 1982 3413 cuius
2016 3363 2237 3414 editione
2272 3373 2477 3429 semper

151 3444 204 3484 zo
237 3447 368 3483 usus
403 3448 538 3486 sum.
681 3435 738 3499 4)
784 3432 868 3497 Cf.
906 3434 976 3492 ib.
1010 3451 1064 3500 p.
1093 3436 1159 3488 91
1198 3435 1279 3498 (n.
1304 3436 1356 3491 4.
1399 3436 1506 3493 10).
1550 3436 1653 3488 105
1688 3434 1765 3500 (n.
1796 3435 1879 3488 11.
1920 3434 2025 3500 12).
2065 3435 2167 3488 107
2206 3439 2284 3496 (n.
2312 3435 2361 3486 3.
2395 3435 2473 3498 4).

241 3505 339 3559 111
379 3504 456 3570 (n.
495 3505 566 3571 3),
603 3511 694 3558 cet.
877 3504 932 3573 5)
981 3503 1148 3569 Jaffe',
1186 3504 1509 3557 Bibliotheca
1547 3504 1663 3570 III,
1702 3506 1807 3558 423
1822 3522 1842 3564 ‚·
1879 3503 2108 3568 Simeon,
2146 3507 2162 3534 ‘
2177 3503 2477 3556 Wilibald’s

238 3574 410 3626 Leben
445 3574 536 3626 des
577 3574 628 3629 h.
669 3575 1020 3638 Bonifazius’
1051 3593 1110 3642 p.
1147 3577 1200 3630 4.
1381 3575 1435 3644 6)
1491 3575 1578 3638 of.
1616 3575 1679 3629 L.
1722 3573 1953 3639 Oelsner,
1989 3572 2353 3626 ‘Jahrbaeher
2386 3575 2478 3628 des

238 3646 430 3708 frank.
469 3645 688 3698 Reiches
721 3652 879 3698 unter
903 3646 1090 3712 Koniy
1113 3646 1353 3713 Pippin’,
1394 3648 1550 3711 1871,
1581 3664 1641 3713 p.
1667 3648 1774 3701 490
1798 3662 1877 3712 sq·
2023 3646 2075 3712 7)
2122 3645 2255 3697 Cave
2289 3647 2475 3698 credas

238 3719 417 3781 annis,
454 3733 586 3783 quos
607 3725 849 3770 auctores
874 3721 1198 3784 posteriores
1222 3717 1560 3782 Burchardo,
1587 3717 1915 3782 Meyinyozo,
1942 3716 2245 3782 Berowelpo
2275 3719 2476 3784 primis

153 3799 202 3838 ⁸⁶
237 3803 496 3925 ’ἔν’ἴέἕ,
539 3788 1068 3924 Zssf‘ws'frffssfflss?
1078 3788 1727 3920 Vt‘z”1⁶1²f⁶²ss“5t0tfsst?}
1755 3787 2219 3924 §suffigi
2257 3788 2473 3925 921Ξῖ

235 3930 274 3980 I
274 3931 319 3995 I,
354 3932 479 3996 240,
515 3931 577 3982 X
586 3930 660 3996 V,.
680 3933 790 3997 59),
828 3947 948 3982 cum
977 3945 1159 3984 eorum
1188 3932 1455 3983 calculum
1490 3932 1699 3994 falsum
1732 3945 1841 3982 esse
1875 3933 2017 3982 inter
2052 3945 2228 3982 omnes
2262 3937 2472 3984 constet.

236 4002 292 4066 8)
346 4002 640 4070 Inscriptio
687 4002 1040 4070 sepulchralis
1089 4001 1390 4068 Meyinyozi
1433 4001 1725 4068 (Eclchart,
1776 4001 2154 4054 Commentarii
2206 4003 2269 4054 de
2316 4001 2477 4054 rebus

235 4072 508 4126 Franciae
545 4071 835 4124 orientalis
870 4074 919 4137 I,
956 4074 1085 4141 524)
1098 4091 1118 4135 ,·
1167 4075 1238 4138 cf.
1288 4073 1347 4128 V.
1389 4074 1643 4138 Greyorii
1690 4078 1829 4126 auct.
1867 4072 2137 4138 Liudqero
2182 4089 2224 4126 c.
2264 4073 2297 4126 6
2347 4071 2471 4138 (SS.

149 4154 202 4192 40
235 4143 364 4206 XV,
382 4146 499 4210 72).
547 4143 624 4194 E't
639 4145 804 4196 laillo
824 4150 871 4196 et
888 4144 1219 4210 Mayinyaoz
1242 4146 1470 4212 episcopi
1482 4144 1765 4210 privile-aio
1781 4143 2056 4196 Heddonis
2076 4161 2131 4196 a.
2145 4146 2267 4198 749.
2291 4157 2473 4194 mona-

234 4217 396 4266 sterio
429 4215 871 4282 Arnulfauyensi
903 4229 1140 4268 concesso
1181 4215 1613 4284 subscripserunt
1647 4215 1999 4282 (Schoepflin,
2035 4216 2253 4267 Alsatia
2302 4213 2471 4280 diplo-

235 4289 434 4336 matica
470 4287 516 4349 I,
559 4305 614 4354 p.
655 4290 722 4343 19
736 4302 760 4348 ,·
811 4287 1129 4352 Pardessus,
1165 4287 1480 4354 Diplomata
1519 4287 1600 4353 II,
1644 4301 1703 4352 p.
1741 4289 1891 4352 411),
1940 4287 2032 4338 sed
2066 4285 2473 4352 subscriptiones

234 4371 420 4408 eorum
453 4363 572 4424 post
620 4373 672 4411 a.
711 4359 832 4412 749.
883 4359 1162 4425 appositas
1197 4373 1303 4410 esse
1336 4373 1536 4410 necesse
1584 4363 1674 4412 est.
1856 4359 1911 4424 9)
1960 4357 2211 4424 Diploma
2246 4355 2474 4423 Pippini

236 4427 550 4480 Prumiense
601 4445 653 4484 a.
706 4429 812 4484 762
865 4427 1256 4495 (Milhlbacher,
1313 4429 1439 4494 Rea.
1495 4429 1534 4480 I
1545 4427 1581 4494 ²,
1638 4445 1695 4480 n.
1750 4431 1878 4490 95),·
1932 4429 2154 4480 traditio
2207 4425 2474 4480 Hahberti

149 4508 200 4548 45
237 4515 288 4552 a.
323 4499 524 4568 762s63
562 4500 829 4565 (Dronke,
868 4499 1044 4552 Codex
1078 4499 1452 4566 diplomaticus
1489 4499 1773 4552 Fuldensis
1802 4515 1860 4566 p.
1890 4499 1974 4563 16,
2010 4515 2063 4552 n.
2089 4501 2201 4558 24).
