3167 5192
38 4968 41 4977 ,
30 4843 41 4947 ,......--
29 4780 37 4829 ..ι-
27 4583 36 4757 -.-n=.-—--

571 488 639 544 76
1184 485 1378 540 VITA
1412 483 1730 540 ALTERA
1763 484 2184 543 BONIFATII.

308 693 363 741 cr.
380 693 493 742 zm,
509 693 551 732 8.
571 676 865 733 tendunt.
940 675 1199 750 ‘Agrum
1244 692 1393 750 agro
1454 675 1844 749 copulantes,
1906 676 2010 733 vix
2070 676 2228 733 mari
2287 675 2664 744 concedunt,
2730 677 2806 730 ut

571 764 913 822 terminum
980 764 1207 833 faciat3
1279 769 1419 821 tum
1440 806 1454 832 ‚
1525 764 1579 820 si
1647 765 1895 839 uspiam
1964 766 2464 840 proficiscuntur,
2536 760 2794 821 saccosa

571 853 833 928 pecunie
877 853 1114 910 tollunt
1160 869 1375 910 secum
1420 869 1728 928 peraeque
1775 870 1902 910 non
1948 854 2262 928 lapidibus
2309 853 2648 928 complent,
2689 853 2805 910 sed

570 943 849 999 nummis
895 942 1206 1016 argenteis
1254 945 1319 999 et
1361 945 1569 1000 totum
1617 942 1928 999 mundum
1973 929 2337 1000 circueuntb
2352 985 2366 1011 ,
2429 946 2504 999 ut
2562 941 2803 1016 aliquid

571 1035 1055 1106 consequantur.
2843 1043 2873 1082 5

296 1139 552 1186 ct.P⁸.1,4,
782 1113 933 1191 (20).
1028 1119 1168 1176 Non
1231 1119 1319 1176 sic
1364 1136 1509 1196 ergo
1555 1119 1938 1189 Bonifacius,
1987 1136 2116 1177 non
2163 1121 2284 1189 sic;
2335 1121 2448 1178 sed
2505 1135 2801 1194 quocum·

572 1227 693 1284 que
739 1209 891 1278 ibat,
942 1225 1190 1283 semper
1233 1209 1425 1266 libros
1474 1225 1690 1266 secum
1734 1199 2044 1284 gestabat.
2136 1209 2256 1266 Hic
2300 1208 2394 1265 illi
2436 1209 2800 1277 thesaurus,

571 1299 689 1355 hec
733 1298 1047 1372 possessio
1092 1300 1245 1354 erat.
1338 1295 1551 1355 Inter⁰
1591 1297 1711 1354 iter
1754 1298 2072 1372 agendum
2118 1315 2265 1356 vero
2311 1297 2413 1355 vel
2459 1297 2802 1372 scripturas

571 1387 901 1444 lectitabat
942 1387 1043 1443 vel
1089 1387 1369 1460 psalmos
1413 1403 1724 1460 ymnosve
1770 1387 2040 1444 canebat
2083 1387 2187 1444 vel
2233 1391 2400 1444 certe
2447 1387 2663 1462 egenis
2696 1385 2800 1442 ali·

341 1493 435 1536 Aa.
452 1494 493 1542 o,
514 1494 554 1536 8.
572 1476 724 1550 quid
794 1476 1004 1532 dabat.
1118 1474 1395 1533 Faciebat
1469 1463 1697 1532 autemd
1771 1474 1936 1548 siqua
2010 1479 2064 1533 et
2119 1474 2398 1548 prodiqia
2463 1491 2674 1548 maqna
2738 1470 2804 1531 in
2845 1487 2898 1526 10

561 1563 799 1638 populo,
868 1567 1088 1639 utpote
1156 1565 1262 1638 qui
1321 1565 1401 1622 ab
1470 1565 1703 1639 egrotis
1765 1565 2084 1622 mentibus
2142 1565 2394 1622 morbos
2452 1563 2803 1621 invisibiles

572 1653 961 1728 propellebat
980 1696 995 1721 ‚
1088 1654 1245 1710 miro
1322 1653 1477 1710 satis
1554 1656 1621 1710 et
1709 1643 2138 1711 memorabilie
2226 1653 2414 1711 modo
2505 1655 2806 1710 naturam

572 1743 924 1799 humanam
984 1759 1385 1810 conservans,
1445 1759 1591 1798 cum
1658 1742 2018 1800 interiorem
2085 1742 2425 1811 hominem,
2494 1742 2754 1799 tametsi
2771 1727 2798 1770 f

573 1849 797 1905 corpus
844 1831 1049 1888 debile
1095 1835 1282 1899 esset,
1332 1831 1672 1905 spiritualis
1727 1832 2010 1889 medicus
2071 1832 2246 1888 intus
2307 1835 2566 1900 secaret,
2626 1831 2804 1887 intus

573 1923 855 1995 ungeret,
903 1920 1077 1976 intus
1125 1923 1396 1976 sanaret.
1492 1918 1770 1977 Curabat
1815 1937 1958 1995 ergo
2006 1937 2244 1988 omneS‚
2309 1921 2362 1977 si
2421 1921 2530 1994 qui
2587 1922 2806 1977 essent
2843 1929 2896 1970 15

574 2009 781 2066 claudi
866 2011 1119 2082 propter
1194 2009 1700 2066 incredulitatem
1721 2053 1734 2079 ‚
1819 2009 1947 2066 ceci
2023 2013 2276 2084 propter
2356 2009 2803 2084 ignorantiam,

574 2098 750 2154 surdi
831 2101 1084 2172 propter
1167 2097 1470 2154 duriciam
1543 2098 1746 2154 cordis
1766 2141 1779 2168 ,
1856 2099 2016 2154 muti
2089 2103 2344 2172 propter
2416 2097 2806 2172 impericiam

574 2187 730 2261 legis
751 2229 765 2255 ‚
841 2185 1095 2243 manci&
1166 2189 1421 2260 propter
1484 2187 1824 2243 avariciam
1842 2231 1855 2256 ‚
1929 2188 2197 2245 scabiosi
2254 2191 2506 2262 propter
2565 2187 2804 2244 detrac-

573 2276 812 2333 tionem
832 2317 845 2344 ,
912 2262 1222 2332 cardiacih
1300 2278 1552 2350 propter
1619 2276 1956 2344 invidiam,
2031 2263 2271 2350 putidii
2344 2279 2598 2350 propter
2671 2275 2805 2332 libi·

576 2364 809 2434 dinem,
871 2352 1230 2422 stomatioik
1294 2368 1547 2439 propter
1589 2352 2122 2440 castrimargiam¹
2143 2407 2156 2434 ,
2209 2363 2505 2422 colericim
2549 2367 2806 2438 propter
2843 2375 2896 2414 20

575 2455 916 2528 crapulam,
963 2453 1285 2528 ydropicin
1337 2456 1593 2528 propter
1637 2454 2024 2522 ebrietatem,
2081 2457 2148 2511 et
2193 2455 2246 2510 si
2290 2465 2420 2528 qua·
2463 2457 2614 2510 sunt
2657 2453 2802 2524 alia,

577 2559 697 2617 que
764 2543 1059 2599 miseram
1120 2543 1402 2599 animam
1463 2543 1600 2599 dira
1659 2543 2030 2618 contagione
2089 2543 2516 2617 coinquinant.
2625 2541 2804 2599 Simi-

574 2629 755 2688 liter⁰
833 2635 897 2688 et
972 2647 1079 2688 eos
1099 2676 1112 2700 ‚
1192 2647 1347 2705 quos
1415 2631 1508 2688 ira
1581 2631 1918 2689 freneticos
1939 2674 1952 2700 ,
2030 2632 2246 2689 odium
2321 2630 2802 2706 kefalargicos1'‚

575 2736 743 2777 error
789 2718 1298 2788 scotomaticosq,
1344 2720 1636 2794 impietas
1682 2720 1959 2788 insanos,
2009 2721 2300 2794 superbia
2346 2720 2731 2794 epylenticos
2749 2719 2802 2788 ¹²,

576 2807 893 2867 secordia⁸
982 2809 1357 2882 lethargicos
1432 2809 1669 2867 fecerat
1687 2852 1700 2877 ,
1779 2813 2162 2884 cunctasque
2239 2809 2470 2866 mentis
2547 2825 2804 2866 erronee
2843 2819 2897 2858 25

574 2898 900 2972 passiones
968 2900 1103 2954 tam
1170 2899 1516 2972 penitentie
1532 2889 1552 2929 ἵ
1634 2897 2011 2972 ohyrurgiau
2087 2915 2278 2972 quam
2355 2899 2803 2955 consolationis

574 2986 957 3061 malagmate
1004 2986 1193 3043 saluti
1238 2987 1630 3044 restituebat.
1709 2986 1872 3044 Sane
1917 2987 2064 3062 quia
2109 2987 2226 3044 hec
2273 2990 2426 3044 sunt
2468 2987 2648 3056 vicia,
2682 3003 2804 3061 que

575 3078 870 3132 naturam
914 3077 1197 3131 nostram
1243 3079 1654 3154 corrumpunt
1699 3080 1763 3133 et
1801 3076 2045 3133 faciunt
2075 3077 2361 3133 homines
2393 3075 2796 3150 apostatare*

574 3163 703 3221 abw
748 3163 1051 3220 ineffabili
1097 3164 1446 3222 divinitatis
1493 3165 1789 3233 essentia,
1844 3165 2028 3223 ideoX
2081 3182 2209 3223 non
2267 3165 2558 3222 inmerito
2605 3164 2802 3221 fuisse

575 3252 803 3310 dicitur
847 3253 1071 3310 beatus
1104 3253 1463 3311 Bonifacius
1511 3254 1833 3330 signorum
1879 3258 2069 3329 atque
2116 3252 2547 3329 magnaliumy
2586 3253 2804 3310 ammi·
2843 3268 2898 3306 30

575 3343 788 3399 rabilis
838 3345 1145 3417 operator,
1194 3343 1707 3418 quandoquidem
1755 3344 2082 3418 sepissime
2130 3359 2236 3400 eos
2284 3343 2564 3400 doctrine
2612 3341 2804 3399 medi-

574 3436 864 3489 camento
910 3432 1191 3499 curabat,
1239 3433 1347 3506 qui
1390 3433 1582 3490 nullis
1629 3433 1766 3490 aliis
1799 3433 2187 3508 argumentis
2221 3431 2497 3507 quelibet
2527 3431 2805 3488 remedia

574 3521 873 3595 consequi
920 3522 1231 3594 poterant.
1735 3575 1740 3579 .

786 3601 939 3680 (21).
1032 3606 1273 3679 Quodsi
1325 3609 1408 3665 ad
1454 3610 1655 3666 solam
1713 3609 2082 3685 corporum²
2141 3611 2413 3668 salutem
2474 3609 2804 3666 attenditis

575 3701 640 3754 et
685 3714 789 3754 eos
836 3697 1076 3772 angelis
1124 3697 1525 3772 equiparatis,
1574 3699 1682 3772 qui
1711 3699 2135 3757 membrorum
2168 3699 2525 3757 debilitates
2555 3698 2805 3755 ieiuniis
2844 3711 2898 3752 35

787 3899 870 3938 ΙΙΙ.
930 3899 1064 3948 capp.
1095 3900 1265 3940 19—21.
1329 3901 1372 3942 1.
1396 3900 1465 3942 Sa.
1486 3900 1525 3942 b.

574 4006 621 4055 a)
649 4016 798 4045 sacros
827 4007 865 4046 1.
977 4007 1022 4052 b)
1051 4007 1327 4044 circumeunt
1352 4007 1467 4056 (2a);
1499 4007 1756 4046 circuemnt
1783 4007 1848 4047 2b.
1960 4006 2004 4056 c)
2045 4007 2111 4045 ita
2139 4009 2186 4058 13
2218 4007 2342 4046 Inter
2368 4007 2475 4056 (iter
2505 4008 2604 4053 om.)
2632 4003 2807 4052 agendo

574 4059 653 4107 2113
692 4058 835 4110 (Inter
870 4057 969 4108 om.)
1006 4060 1092 4098 iter
1130 4059 1299 4106 agendo
1338 4059 1403 4098 2b.
1560 4058 1606 4109 d)
1647 4070 1730 4102 om.
1769 4062 1805 4102 1.
1960 4060 2002 4111 e)
2044 4060 2237 4100 mirabili
2273 4061 2342 4103 2a.
2369 4060 2410 4100 b.
2565 4060 2598 4105 f)
2640 4065 2731 4098 tam
2766 4059 2806 4098 si

574 4118 621 4150 et
646 4113 715 4162 2α,
744 4123 856 4154 corr.
870 4124 888 4160 ;
920 4117 1012 4150 tam
1041 4113 1079 4152 si
1106 4123 1268 4161 corpus
1298 4113 1339 4154 d.
1365 4113 1475 4162 spir.
1507 4116 1628 4152 esset
1655 4124 1712 4154 m.
1741 4116 1780 4156 1.
1913 4117 1956 4163 g)
1993 4115 2138 4152 mauri
2174 4112 2282 4165 (2a).
2419 4111 2468 4161 h)
2505 4110 2695 4152 cardiati
2733 4113 2803 4150 2ο.

574 4166 607 4214 1)
634 4163 805 4214 putridi
832 4169 879 4217 ¹3
910 4166 1073 4214 putzdi
1100 4166 1167 4214 2b,
1198 4177 1312 4210 corr.
1445 4165 1492 4214 k)
1528 4166 1595 4204 ita
1622 4167 1748 4212 roll.,·
1778 4168 2038 4206 stomachici
2065 4169 2130 4208 2c.
2263 4168 2296 4218 1)
2320 4171 2468 4214 guar.
2501 4164 2618 4216 (2a);
2648 4166 2804 4204 castri·
2840 4169 2898 4208 40

575 4219 789 4266 mergium
816 4219 882 4260 2b.
980 4218 1041 4267 m)
1070 4219 1209 4259 coleri
1236 4220 1300 4261 2b.
1399 4224 1447 4266 n)
1474 4217 1674 4270 ydropiti
1703 4221 1772 4260 20.
1869 4219 1912 4270 o)
1941 4221 2106 4259 militer
2133 4221 2181 4258 in
2199 4231 2287 4264 ras.
2316 4221 2393 4266 2b,·
2421 4224 2572 4259 autem
2601 4219 2701 4259 add.
2733 4219 2801 4258 2a.

574 4271 620 4323 p)
648 4273 714 4310 ita
740 4273 821 4319 2b;
846 4271 1134 4320 ketalargitos
1165 4274 1242 4320 2a;
1272 4272 1531 4312 kefaleflcos
1560 4275 1599 4315 1.
1707 4275 1753 4320 q)
1789 4275 2044 4312 stomatioos
2073 4275 2142 4316 2α,
2161 4274 2200 4315 b.
2306 4277 2346 4321 r)
2373 4274 2436 4310 ita
2465 4274 2512 4321 1;
2543 4273 2805 4320 epilenticos

576 4325 643 4368 2α.
662 4325 687 4362 b
716 4326 788 4372 (cf.
815 4326 889 4369 SS.
908 4326 962 4368 R.
980 4326 1142 4368 Meron.
1161 4326 1202 4374 Ι,
1222 4326 1329 4372 944,·
1356 4327 1473 4368 Guil.
1490 4326 1686 4374 schulze,
1716 4326 2058 4375 orthographica
2076 4326 2118 4376 Ι,
2148 4327 2319 4364 Indices
2346 4327 2574 4364 lectionum
2599 4325 2804 4372 Mamur-

570 4379 765 4424 aen-sium
784 4389 869 4427 per
894 4389 995 4422 som.
1023 4383 1127 4422 aest.
1155 4379 1294 4428 1894).
1462 4382 1501 4427 s)
1539 4377 1745 4418 socordia
1775 4382 1814 4420 1.
1970 4383 2004 4427 t)
2042 4381 2272 4428 penitente
2302 4382 2350 4428 13
2379 4389 2504 4418 versu
2531 4389 2598 4420 ex.
2625 4389 2709 4419 om.
2741 4378 2808 4420 2b.

575 4430 621 4480 u)
650 4431 876 4478 chirurgia
903 4433 978 4481 2b3
1010 4433 1218 4483 eyrurgla
1248 4435 1283 4474 1.
1396 4435 1442 4480 v)
1471 4437 1726 4481 apostotare
1755 4433 1824 4474 2a.
1843 4431 1882 4473 b.
1992 4436 2052 4481 w)
2078 4444 2106 4472 a
2129 4434 2226 4472 Deo
2247 4443 2334 4482 pro
2365 4433 2420 4471 ab
2449 4433 2479 4473 i.
2505 4429 2548 4472 d.
2576 4441 2660 4472 ess.
2693 4432 2760 4472 2a.
2779 4431 2804 4468 b
2841 4433 2895 4473 45

574 4495 669 4522 cum
696 4484 834 4527 Eccli,
862 4486 927 4534 10,
959 4487 1021 4528 14.
1129 4485 1176 4536 x)
1205 4496 1291 4534 que
1320 4487 1421 4529 add.
1450 4487 1517 4529 2a.
1536 4487 1574 4528 b.
1687 4486 1734 4537 y)
1764 4496 2020 4532 magnorum
2049 4487 2266 4526 mirabilis
2295 4488 2332 4529 1.
2440 4488 2482 4533 z)
2509 4485 2710 4534 corporis
2737 4483 2802 4524 25.
