3167 5192
506 473 752 537 ,VITAE
787 475 1191 533 BONIFATII
1225 475 1585 533 AUCTORE
1622 475 1932 534 OTLOHO
1968 475 2206 534 LIBER
2227 477 2308 535 II.
2426 482 2528 535 187

516 663 680 742 Quod
724 669 913 724 autem
945 684 1060 740 per
1103 665 1377 740 quosdam
1406 664 1714 738 affirmari
1741 665 2096 741 scripsisti⁸,
2142 671 2224 735 ut,
2270 667 2534 742 quamvis
2550 687 2688 736 spese.
2705 687 2778 726 so.

294 755 771 815 sceleratissimus
814 754 1051 830 quisque
1094 755 1372 814 hereticus
1414 756 1505 814 vel
1548 755 1904 814 scismaticus
1948 759 2053 814 aut
2096 756 2246 815 latro
2291 757 2380 815 vel
2427 759 2533 827 fur

294 845 417 903 sive
460 844 689 902 adulter
733 843 1077 918 baptismum
1133 843 1305 902 iuxta
1360 844 1620 917 requiam
1677 861 1718 901 a
1759 842 2012 902 Domino
2055 843 2160 902 im
2170 845 2426 945 positam
2469 845 2534 904 in

292 921 557 992 nomineb
598 932 803 992 Patris
848 937 903 991 et
942 931 1096 991 Filii
1140 931 1229 991 et⁰
1272 930 1531 1007 Spiritus
1574 933 1759 992 sancti
1803 951 2066 992 consecra
2087 953 2122 991 r
2145 938 2222 991 et
2275 934 2532 1008 sicque

220 1039 256 1078 5
296 1022 513 1080 homini
568 1021 785 1095 petenti
850 1021 1226 1090 ministraret,
1298 1026 1483 1080 tamen
1532 1020 1750 1080 Christi
1793 1026 1937 1081 esset
1977 1021 2320 1096 baptismum
2363 1041 2531 1102 quan

292 1110 491 1183 qelicis
532 1109 722 1169 verbis
766 1113 1171 1180 consecratum,
1216 1114 1273 1168 et
1313 1114 1559 1179 econtra,
1607 1110 1740 1170 licet
1791 1110 2052 1170 minister
2094 1110 2280 1170 iustus
2322 1101 2526 1183 fieretd

296 1205 351 1258 et
394 1199 709 1258 trinitatem
764 1199 937 1258 iuxta
992 1200 1251 1272 requiam
1308 1218 1348 1258 a
1389 1197 1642 1258 Domino
1698 1199 1954 1274 positam
2009 1199 2073 1259 in
2131 1201 2364 1258 lavacro
2421 1219 2533 1259 non

295 1287 557 1358 dixisset,
616 1306 815 1346 verum
882 1287 1169 1362 baptisma
1231 1307 1344 1346 non
1409 1293 1553 1347 esset
1612 1288 1762 1362 quod
1826 1288 2011 1348 dedit:
2077 1308 2119 1348 u
2143 1293 2220 1346 tr
2241 1307 2282 1346 u
2303 1307 2362 1346 m
2384 1307 2419 1363 q
2441 1308 2482 1347 u
2503 1308 2532 1347 e

298 1377 662 1448 fraternitati
730 1376 897 1436 tuae⁰
952 1381 1147 1436 notum
1212 1381 1313 1446 est,
1382 1376 1523 1451 quid
1589 1377 1658 1436 de
1723 1377 1848 1436 illis
1914 1395 2212 1436 sacrorum
2258 1386 2566 1436 canonum'

200 1485 257 1524 ιο
294 1466 475 1526 series
517 1466 733 1524 contine
756 1484 795 1524 a
818 1470 855 1524 t.
957 1465 1120 1542 Quod
1164 1470 1220 1524 et
1262 1470 1444 1524 tenere
1491 1471 1541 1524 te
1584 1465 1834 1537 firmiter
1877 1467 2178 1525 hortamur
2188 1489 2209 1539 ;
2255 1467 2532 1541 scriptum

294 1555 507 1630 quippe
548 1560 650 1624 est,
704 1555 917 1614 dicente
959 1553 1249 1614 Domino.-
1318 1556 1537 1614 Sancti
1596 1560 1819 1625 estote,
1878 1557 2177 1631 quoniam
2237 1559 2302 1614 et
2355 1573 2481 1632 ,ego
2498 1543 2525 1586 f

296 1649 557 1703 sanctus
604 1663 765 1702 sum.
867 1643 1031 1720 Quod
1096 1643 1411 1718 suscepisti,
1483 1645 1695 1714 frater,
1764 1663 1804 1702 a
1845 1648 2039 1703 nostro
2087 1643 2528 1718 predecessoreg

294 1737 523 1792 sanctae
587 1732 999 1792 recordationis
1039 1732 1345 1805 Greqorio,
1414 1732 1585 1791 huius
1627 1733 1970 1808 apostolicae
2035 1733 2187 1792 sedis
2241 1731 2530 1808 pontifice,

295 1822 359 1880 in
404 1839 466 1880 eo
499 1839 795 1896 permane.
888 1821 973 1879 Et
1036 1822 1108 1880 ab
1159 1821 1487 1902 euanqelica
1552 1826 1608 1880 et
1671 1821 1984 1896 apostolica
2049 1821 2310 1880 doctrina
2373 1822 2534 1880 nullo

200 1929 256 1968 15
296 1911 461 1969 modo
505 1911 749 1970 declines
761 1933 782 1983 ;
850 1910 966 1979 sed,
1013 1910 1249 1969 indutus
1294 1909 1533 1970 loricam
1577 1908 1716 1982 fidei
1759 1915 1814 1969 et
1853 1911 2076 1983 qaleam
2121 1911 2346 1979 salutis,
2391 1911 2531 1968 viri-

298 1999 431 2058 liter
476 2004 673 2058 contra
714 1999 999 2074 nequitias
1042 1999 1355 2058 diabolicae
1400 1999 1639 2071 fraudis
1681 1987 1947 2058 resisteh.
2040 1998 2334 2074 Scriptum
2377 2019 2532 2058 nam·

297 2107 404 2162 que
448 2093 561 2147 est.-
621 2086 813 2147 Ecce!
878 2089 1025 2146 dedi
1070 2089 1300 2146 faciem
1344 2094 1525 2147 tuam
1570 2092 1896 2164 pot-entem
1941 2091 2247 2147 adversus
2305 2089 2534 2147 faciem

297 2195 517 2236 eorum
548 2181 613 2236 et
642 2179 1067 2236 constantiam
1102 2181 1282 2236 tuam
1313 2177 1682 2236 confortabo
1711 2180 2018 2236 adversus
2048 2165 2519 2236 contentionesi

298 2284 536 2336 eorum,
584 2271 652 2325 et
695 2267 813 2324 erit
858 2267 1077 2325 fortior
1120 2255 1343 2342 petrak
1380 2267 1741 2326 constantia
1784 2271 1898 2324 tua
1916 2261 1958 2325 ¹.

196 2375 259 2413 ,κο
511 2355 633 2414 Eos
676 2360 883 2424 autem,
954 2373 1094 2429 quos
1152 2355 1431 2430 reperisse
1496 2373 1527 2414 s
1548 2373 1577 2413 e
1645 2355 1834 2428 affata
1892 2359 1977 2414 est
2033 2355 2378 2426 fraternitas
2435 2361 2536 2414 tua

287 2432 859 2518 pseudosacerdotesl
902 2445 1081 2504 multo
1123 2443 1366 2503 maioris
1398 2443 1627 2502 numeri
1655 2462 1827 2517 quam
1857 2443 2176 2512 catholicos,
2225 2443 2537 2502 erroneosm

297 2533 678 2602 simulatores,
726 2533 826 2607 qui
868 2551 1179 2607 numquam
1222 2533 1293 2591 ab
1339 2532 1618 2606 episcopis
1647 2532 1939 2590 catholicis
1979 2534 2220 2603 fuerunt
2261 2533 2534 2600 ordinati,

298 2622 597 2681 illudentes
643 2621 863 2696 populo
908 2627 963 2680 et
1003 2620 1327 2680 ministeria
1369 2621 1633 2702 ecclesiae
1678 2621 2098 2692 confundentes,
2159 2621 2532 2694 sacrileqosn,

298 2711 607 2780 adulteros,
676 2711 795 2785 qui,
864 2711 985 2770 sine
1029 2710 1287 2784 episcopo
1320 2709 1570 2784 proprio
1615 2709 1860 2768 arbitrio
1903 2709 2168 2788 viventes,
2219 2711 2567 2783 populares

204 2817 259 2856 25
297 2800 624 2870 defensores
667 2801 929 2858 habentes
972 2803 1171 2859 contra
1213 2799 1519 2873 episcopos,
1596 2802 1663 2856 ut
1725 2799 2026 2856 sceleratos
2091 2817 2276 2856 mores
2341 2816 2536 2856 eorum

297 2907 409 2946 non
456 2909 503 2963 p
526 2909 562 2948 r
585 2907 617 2947 o
640 2889 677 2947 h
698 2889 723 2947 i
745 2889 778 2946 b
802 2907 831 2946 e
853 2907 892 2948 a
910 2907 951 2946 n
976 2893 1028 2957 t,
1083 2905 1337 2948 seorsum
1370 2888 1655 2962 populum
1699 2887 2162 2946 consentaneum⁰
2203 2886 2540 2960 conqreqant

298 2983 353 3035 et
394 2977 545 3037 illud
587 2995 885 3037 erroneum
929 2977 1311 3036 ministerium
1354 2995 1466 3035 non
1508 2976 1572 3034 in
1615 2975 1848 3056 ecclesia
1905 2976 2200 3044 catholica,
2269 2976 2368 3034 sed
2423 2995 2538 3050 per

298 3067 551 3139 aqrestia
596 3067 719 3126 loca
776 3071 855 3125 et
900 3085 1014 3141 per·
1058 3067 1232 3125 cellas
1276 3065 1643 3134 rusticorum,
1702 3065 1802 3123 ubi
1858 3083 2054 3133 eorum
2097 3065 2350 3139 inperita
2400 3066 2534 3124 stul-

300 3154 437 3214 ticia
482 3154 663 3214 celari
688 3154 903 3256 possit,
954 3159 1299 3230 perpetrant
1339 3173 1438 3214 nec
1482 3153 1654 3226 fidem
1699 3153 2032 3213 catholicam
2066 3153 2357 3228 paqanisp
2402 3173 2535 3228 pre-

209 3261 263 3301 so
298 3243 494 3302 dicant
534 3262 633 3303 nec
676 3244 793 3318 ipsi
836 3243 1005 3316 fidem
1069 3243 1604 3303 catholicam
1668 3243 1874 3301 habent
1935 3261 2034 3301 nec
2099 3241 2412 3317 quaerent‘l
2466 3243 2538 3301 ab

300 3333 401 3402 eis,
448 3351 587 3407 quos
632 3333 925 3407 baptizare
968 3337 1115 3391 stu
1127 3332 1166 3390 d
1188 3351 1217 3390 e
1238 3337 1354 3400 nt,
1387 3331 1948 3452 abrenuntiationem
1991 3335 2244 3399 satanae,
2306 3331 2404 3390 sed
2447 3350 2536 3390 ne

299 3441 405 3496 que
448 3423 740 3496 siqriaculo
784 3422 972 3484 crucis
1019 3419 1238 3480 Christi
1280 3421 1413 3481 eosr
1465 3421 1747 3489 muniunt,
1816 3439 1961 3520 quae
1994 3420 2300 3493 precedere
2344 3419 2542 3480 debent

302 3511 664 3584 baptismum,
712 3511 810 3570 sed
852 3529 952 3570 nec
995 3511 1253 3585 aliquam
1288 3510 1682 3569 credulitatem
1725 3509 1898 3567 unius
1941 3509 2171 3567 deitatis
2215 3513 2270 3566 et
2311 3513 2538 3568 sanctae

303 3600 583 3660 trinitatis
626 3600 839 3670 docent,
886 3629 975 3638 --
1020 3600 1120 3658 hos
1164 3599 1355 3673 itaque
1400 3599 1696 3658 ministros
1739 3602 1975 3656 satanae
2028 3601 2084 3655 et
2137 3615 2249 3655 nan
2298 3595 2534 3667 Christi,

210 3707 264 3746 85
300 3683 631 3764 ubicumque
674 3689 979 3763 repereris,
1024 3688 1329 3747 karissime
1398 3690 1438 3758 f
1450 3707 1485 3746 r
1508 3692 1643 3747 ate
1665 3706 1730 3756 r,
1800 3690 2100 3760 aqqreqato
2113 3685 2137 3717 Β
2183 3685 2539 3761 provinciali

301 3782 357 3836 et
420 3777 763 3837 sacerdotali
829 3778 1078 3850 colleqio,
1148 3796 1187 3836 a
1252 3777 1610 3836 sacerdotio
1679 3777 1717 3835 d
1739 3795 1768 3834 e
1779 3794 1828 3849 p
1852 3794 1884 3834 o
1907 3775 2081 3834 sito
2104 3793 2134 3834 s
2189 3776 2292 3834 sub
2337 3776 2539 3848 requla

516 3956 619 3998 vn.
676 3957 781 4004 Cap.
810 3957 853 3996 9.
919 3957 959 3994 1.
988 3954 1167 3994 2a.b.e.

302 4046 346 4096 s)
376 4045 529 4085 dixisti
556 4045 621 4088 211.
742 4045 789 4093 b)
817 4049 972 4084 sancte
1000 4044 1216 4083 trinitatis
1242 4043 1345 4088 add.
1372 4039 1453 4084 25:
1558 4043 1602 4094 e)
1630 4042 1696 4094 (et
1721 4043 1824 4094 om.)
1852 4043 1997 4082 sancti
2023 4042 2100 4091 sp.
2132 4043 2258 4092 (corr.
2285 4042 2362 4091 Sp.
2393 4042 2444 4092 s.)
2473 4041 2534 4080 20.

302 4097 353 4150 d)
382 4109 597 4148 superscr.
628 4099 701 4138 vel
730 4099 947 4139 existeret
975 4098 1041 4138 21⁸.
1179 4097 1221 4149 e)
1250 4107 1332 4140 om.
1361 4097 1427 4136 212.
1565 4096 1601 4148 f)
1637 4097 1691 4136 ειῑ
1705 4097 1760 4148 (¹1²)
1789 4097 1909 4146 add„
1937 4097 2012 4135 sed
2038 4106 2152 4136 eras.
2181 4098 2220 4135 1.
2358 4095 2401 4148 g)
2437 4105 2538 4144 pre-

211 4152 265 4191 40
302 4163 480 4192 cessere
510 4153 577 4196 2a.
590 4153 628 4195 b.
642 4164 679 4195 c.
842 4152 889 4201 h)
928 4153 1113 4190 resistas
1150 4151 1215 4192 211.
1380 4150 1411 4200 i)
1450 4159 1613 4189 nnnnnn
1615 4151 1782 4190 tionem
1811 4151 1875 4192 sb.
2035 4149 2083 4199 k)
2121 4149 2382 4188 constancia
2407 4154 2539 4197 petra

304 4208 370 4255 20,
407 4215 521 4248 corr.
686 4205 718 4256 1)
756 4205 966 4254 speudos.
987 4216 1066 4253 pr.
1094 4215 1151 4247 m.
1180 4205 1257 4254 2113
1285 4201 1465 4253 psedos.
1494 4205 1558 4253 2⁶,
1586 4214 1699 4246 corr.
1859 4203 1922 4254 m)
1958 4203 2022 4241 ita
2049 4205 2090 4242 1.
2119 4203 2168 4252 33
2208 4213 2297 4242 err.
2327 4203 2426 4244 sim.
2450 4212 2534 4241 om.

304 4262 370 4302 2a.
390 4260 431 4298 b.
454 4271 489 4302 c.
596 4257 645 4309 n)
673 4260 737 4298 ita
762 4262 801 4300 1.
834 4259 883 4308 83
913 4269 1031 4301 sacr.
1056 4255 1198 4297 adult.
1228 4269 1312 4297 om.
1342 4257 1410 4296 2a.
1429 4258 1469 4297 b.
1488 4269 1524 4298 c.
1637 4257 1681 4307 ο)
1711 4267 1860 4304 congr.
1892 4267 2014 4296 cons.
2046 4256 2114 4308 21),
2135 4267 2248 4296 corr.
2356 4255 2404 4306 p)
2431 4265 2535 4304 pag,

304 4333 357 4343 -·—
384 4316 609 4362 quaerunt
634 4313 680 4351 in
707 4323 796 4352 ras.
829 4315 895 4354 2α.
976 4311 1022 4363 q)
1051 4310 1311 4362 qu(a)erunt
1339 4312 1407 4351 2⁶2.
1424 4311 1463 4350 b.
1480 4321 1515 4350 c.
1601 4309 1641 4360 r)
1667 4321 1880 4360 super-ser.
1910 4311 1978 4352 Σὺ.
2055 4310 2092 4361 s)
2121 4314 2388 4357 congregato
2417 4309 2535 4348 2b.c.

306 4459 359 4525 1)
396 4455 615 4508 Partem
652 4455 903 4524 epistulae
936 4451 1047 4508 Pro
1085 4452 1363 4523 sacrilegis
1398 4485 1470 4494 —
1505 4451 1685 4522 gratia
1720 4451 1904 4506 divina
1943 4451 2096 4506 Otloh
2131 4454 2324 4507 omisit.
