3167 5192
421 503 667 560 VITAE
702 501 1105 559 BONIFATII
1141 500 1501 558 AUCTORE
1537 502 1846 559 OTLOHO
1883 503 2119 558 LIBER
2141 503 2220 559 ΙΙ.
2342 508 2443 561 197

204 693 348 752 licae
371 693 605 751 ¹munire
651 693 690 749 d
712 711 741 750 e
764 693 795 750 b
820 711 849 750 e
871 711 906 750 r
929 710 957 750 e
979 711 1037 750 m
1060 711 1099 750 u
1122 710 1166 750 s.
1246 692 1295 749 I
1308 691 1347 748 d
1368 710 1397 749 e
1420 710 1510 765 oq
1534 710 1573 749 u
1597 711 1626 750 e
1670 692 1816 750 votis
1863 692 1978 750 tuis
2015 693 2446 766 acquiescentes,
2461 711 2602 759 Epist.
2616 712 2686 752 8‘1.

206 782 555 840 desiderium
622 787 677 840 et
731 781 1063 854 petitionem
1134 786 1291 839 tuam
1356 780 1460 838 im
1472 799 1521 854 p
1548 782 1567 838 l
1593 799 1620 838 e
1643 800 1700 838 m
1723 800 1762 838 u
1785 799 1830 840 s.
1931 781 2206 856 Gonyruit
2271 781 2439 851 enim,

204 871 388 930 divini
418 870 728 930 ministerii
762 869 1186 943 predicatorem
1226 869 1606 943 optimumque
1637 871 1966 928 ministrum
2011 870 2088 929 ad
2117 871 2444 934 desiderata

193 960 523 1034 pertinqere
590 964 645 1018 et
709 959 793 1017 in
816 977 845 1016 c
867 959 903 1016 h
928 977 959 1016 o
983 963 1127 1016 atu
1150 977 1208 1016 m
1276 977 1417 1032 opus
1486 959 1689 1016 bonum
1758 977 1934 1032 usque
1989 959 2052 1018 in
2096 958 2264 1030 finem
2306 979 2440 1033 per-

142 1064 169 1103 5
202 1049 240 1107 d
261 1069 298 1106 u
324 1067 468 1106 cere.

416 1137 479 1194 P
497 1157 531 1196 r
555 1156 583 1196 e
608 1141 761 1196 terea
817 1136 1116 1210 predictus
1169 1136 1401 1210 9erulus
1476 1141 1608 1196 tuus
1674 1137 1794 1195 Lul
1863 1155 1988 1195 cum
2057 1137 2254 1217 cqteris
2320 1137 2442 1196 suis

201 1226 516 1294 comitibus,
587 1245 731 1300 quae
797 1225 1055 1283 iniuncta
1122 1227 1257 1296 fuer
1280 1243 1320 1282 a
1340 1224 1443 1282 nta
1498 1243 1536 1282 a
1597 1231 1696 1284 tua
1755 1226 2052 1284 sanctitate
2113 1231 2229 1284 tam
2272 1227 2439 1284 verbo

202 1303 519 1388 quamqueb
597 1315 829 1388 scripto,
908 1313 1101 1372 omnia
1175 1314 1553 1372 innotuerunt.
1663 1313 1758 1372 De
1832 1315 2034 1388 quibus
2109 1333 2440 1388 responsum

202 1405 397 1462 dantes
454 1409 583 1462 tuae
643 1422 707 1461 re
730 1421 759 1461 3
782 1421 811 1462 c
834 1422 867 1460 r
888 1403 912 1461 i
937 1403 967 1460 b
993 1421 1021 1460 e
1043 1421 1079 1460 r
1102 1421 1130 1460 e
1175 1421 1204 1460 s
1229 1407 1311 1460 tu
1334 1403 1374 1460 d
1396 1421 1435 1460 u
1458 1403 1481 1460 i
1503 1421 1560 1460 m
1583 1423 1623 1461 u
1645 1421 1675 1462 3
1723 1403 2102 1474 fraternitati.
2188 1403 2438 1462 Contine-

119 1508 169 1546 ,ιο
202 1493 272 1550 ba
295 1497 379 1550 tu
403 1512 439 1550 r
507 1493 657 1551 enim
724 1493 787 1550 in
820 1491 1098 1565 pittatio⁰
1156 1493 1227 1549 ab
1274 1491 1355 1549 eis
1390 1497 1678 1564 porrecto,
1750 1511 1784 1566 q
1808 1511 1848 1550 u
1869 1493 1893 1550 i
1917 1483 1997 1550 ad
2049 1493 2285 1567 ftaqitas
2307 1511 2337 1550 3
2359 1511 2388 1550 e
2410 1511 2440 1550 3

200 1582 369 1640 tibi
414 1582 1010 1649 innotescere,
1060 1599 1203 1654 quae
1234 1580 1560 1653 recipienda
1601 1601 1636 1638 v
1661 1583 1734 1638 el
1771 1599 1912 1654 quae
1943 1582 2260 1654 respuenda
2289 1581 2436 1640 sint:

409 1671 699 1744 Inprimis
742 1671 811 1728 de
852 1669 1201 1738 volatilibus,
1263 1669 1328 1727 id
1386 1673 1469 1727 est
1518 1670 1773 1743 9raculis
1826 1674 1880 1727 et
1922 1671 2227 1728 corniculis
2271 1675 2438 1743 atque

200 1759 429 1818 ciconiis
440 1783 462 1832 ,·
510 1777 653 1833 quae
700 1759 923 1818 omnino
968 1759 1246 1817 cavendae
1290 1763 1423 1816 sunt
1466 1759 1537 1815 ab
1582 1777 1680 1816 esu
1727 1759 2186 1818 christianorum.
2278 1759 2438 1832 Equi

198 1849 367 1906 etiam
413 1848 667 1907 silvatici
712 1849 889 1906 multo
936 1849 1188 1920 amplius
1231 1847 1471 1905 vitandi.
1566 1846 1662 1904 De
1721 1847 1758 1905 h
1781 1847 1804 1904 i
1827 1866 1856 1905 s
1913 1847 1994 1921 iq
2016 1848 2040 1906 i
2065 1853 2144 1906 tu
2168 1866 2201 1904 r
2261 1847 2432 1906 omni-

118 1951 165 1990 16
200 1939 315 2006 bus,
365 1937 721 1996 sanctissime
768 1939 977 2007 frater,
1026 1956 1055 1994 e
1076 1955 1121 1994 oc
1165 1955 1297 1994 sacr
1320 1955 1359 1994 a
1416 1936 1672 2009 scriptur
1696 1955 1734 1993 a
1791 1955 1822 1994 s
1843 1955 1883 1994 a
1907 1936 2024 1994 tis
2090 1936 2174 1994 in
2196 1955 2225 1994 3
2249 1941 2272 1993 t
2293 1955 2326 1994 r
2349 1936 2434 1994 ui

189 2027 560 2099 poteris

407 2114 505 2174 De
547 2115 674 2189 iqne
720 2119 907 2172 autem
941 2113 1211 2188 paschali
1256 2114 1405 2187 quod
1448 2111 1758 2187 inquisisti,
1819 2114 1844 2172 i
1870 2118 1951 2171 ta
2007 2132 2035 2172 s
2060 2118 2082 2171 t
2103 2132 2140 2171 a
2165 2119 2246 2172 tu
2272 2119 2353 2172 tu
2375 2133 2434 2171 m

198 2222 224 2260 e
246 2209 320 2261 st
386 2223 425 2262 a
486 2204 698 2262 sanctis
752 2203 1044 2277 patribus,
1096 2222 1145 2276 p
1169 2222 1199 2261 o
1224 2221 1253 2260 s
1278 2207 1301 2260 t
1322 2221 1355 2276 q
1379 2222 1419 2260 u
1442 2221 1481 2260 a
1502 2222 1559 2260 m
1594 2203 1856 2276 precioso
1901 2203 2172 2277 sanquine
2217 2203 2434 2262 domini

197 2293 375 2351 nostri
433 2294 573 2352 Iesu
623 2293 840 2351 Christi
906 2291 1139 2371 ecclesia
1207 2292 1329 2350 eius
1386 2291 1650 2350 dedicata
1715 2297 1814 2361 est,
1885 2311 1924 2350 u
1950 2297 1973 2349 t
2029 2293 2228 2365 quinta
2275 2283 2433 2362 feria

116 2395 165 2432 20
189 2383 453 2454 paschae,
529 2400 564 2455 q
587 2401 627 2440 u
650 2401 689 2439 a
710 2401 749 2439 n
772 2381 810 2438 d
833 2401 863 2440 o
933 2399 1163 2439 sacrum
1232 2381 1443 2439 crisma
1512 2385 1892 2449 consecratur,
1965 2385 2078 2439 tres
2138 2381 2432 2454 lampades

196 2488 430 2544 magnae
462 2471 801 2545 capacitatis
846 2489 919 2528 eoc
948 2470 1139 2528 divers
1163 2488 1197 2526 α
1220 2488 1257 2526 r
1279 2488 1319 2527 u
1341 2488 1399 2527 m
1443 2469 1706 2548 ecclesiae
1753 2470 1774 2528 l
1796 2488 1835 2526 a
1857 2488 1914 2527 m
1927 2488 1974 2542 p
1999 2488 2037 2527 a
2059 2470 2098 2528 d
2120 2488 2159 2526 u
2181 2469 2276 2526 ,me
2311 2471 2430 2528 oleo

196 2559 384 2618 collect
403 2579 443 2618 a
467 2579 497 2618 e
555 2579 584 2618 e
608 2565 632 2617 t
694 2560 757 2617 in
822 2558 1115 2617 secretiori
1174 2559 1290 2616 loco
1357 2558 1618 2636 ecclesiae
1687 2577 1716 2616 c
1739 2577 1768 2616 o
1792 2577 1832 2616 n
1853 2558 1973 2616 sti
1997 2563 2078 2616 tu
2105 2563 2186 2616 ta
2207 2576 2236 2615 e
2305 2577 2430 2616 cum

195 2650 369 2706 multa
387 2637 413 2679 f
470 2648 769 2723 diliqentia
814 2648 955 2706 arde
977 2666 1016 2704 a
1037 2653 1151 2715 nt,
1214 2647 1300 2705 ita
1344 2651 1409 2704 ut
1464 2648 1648 2705 oleum
1693 2647 1884 2720 ipsum
1928 2645 2194 2718 sufficere
2241 2647 2433 2720 possit

196 2755 365 2810 usque
433 2738 515 2795 ad
583 2737 811 2796 tertium
869 2737 1038 2804 diem,
1100 2736 1185 2794 id
1244 2754 1272 2794 e
1296 2740 1371 2794 st
1428 2754 1466 2792 a
1488 2736 1526 2793 d
1571 2737 1832 2794 sabbatu
1855 2755 1928 2794 m.
2020 2735 2141 2809 ‘Tu
2163 2755 2202 2794 n
2225 2753 2254 2793 c
2310 2754 2427 2808 pro

116 2839 163 2880 85
197 2827 345 2884 sacri
376 2825 786 2900 baptismatis
833 2828 1009 2896 fonte
1044 2829 1303 2898 sumptus
1332 2825 1485 2898 iqnis
1532 2826 1551 2882 l
1576 2843 1614 2882 a
1635 2844 1692 2882 m
1705 2844 1752 2898 p
1777 2843 1816 2882 a
1839 2825 1877 2882 d
1898 2843 1938 2882 u
1960 2843 2018 2882 m
2065 2843 2234 2883 renov
2257 2843 2286 2882 e
2310 2829 2422 2883 tur.

196 2912 286 2971 De
330 2915 526 2989 i9ne
570 2934 802 2983 ver0,
852 2913 1039 2988 quig
1089 2932 1185 2972 ecc
1230 2913 1507 2972 cristallis
1551 2914 1964 2983 sumitur,
2013 2918 2078 2972 ut
2107 2913 2424 2982 asseruisti,

196 2993 410 3062 nullam
456 3004 727 3062 habemus
771 3003 1149 3070 traditionem.

405 3092 503 3152 De
560 3093 650 3152 liis
708 3111 736 3151 e
761 3092 888 3151 tia
910 3110 967 3149 m
1027 3092 1127 3165 qui
1183 3091 1339 3165 re9io
1383 3092 1577 3150 morbo
1622 3096 1908 3149 vescantur
1952 3091 2260 3165 inquisisti,
2309 3091 2428 3150 sive

200 3181 444 3241 homines
492 3182 610 3240 sive
648 3181 776 3256 equi
806 3182 938 3249 sint,
988 3181 1127 3254 quid
1175 3183 1214 3251 f
1229 3199 1267 3238 a
1290 3180 1569 3238 ciendum
1615 3167 1732 3238 sith
1769 3181 1838 3238 de
1883 3180 2021 3238 illis.
2117 3179 2184 3238 Si
2229 3199 2258 3238 e
2279 3199 2314 3238 r
2335 3199 2370 3254 q
2395 3199 2426 3238 o

118 3281 167 3322 ao
198 3269 443 3330 homines
490 3289 563 3329 eoc
591 3271 889 3328 nativitate
934 3274 1038 3327 aut
1063 3288 1260 3343 yenere
1304 3269 1473 3328 huius
1502 3269 1688 3328 morbi
1733 3273 1882 3338 sunt,
1931 3273 2099 3327 extra
2145 3269 2427 3327 civitatem

200 3376 257 3416 co
278 3378 315 3416 n
338 3379 373 3417 v
396 3380 425 3418 e
448 3379 485 3418 r
507 3379 536 3419 3
559 3360 656 3418 ari
730 3359 861 3418 debe
882 3378 921 3416 n
946 3364 969 3417 t
979 3381 999 3431 ;
1075 3358 1435 3417 elemosinam
1514 3377 1649 3417 vero
1725 3358 1884 3431 accip
1909 3377 1937 3415 e
1961 3377 1994 3415 r
2017 3377 2045 3415 e
2113 3377 2152 3416 a
2207 3359 2426 3432 populo

203 3446 220 3504 i
244 3449 402 3507 llis
450 3451 473 3508 l
495 3449 518 3506 i
542 3467 571 3508 c
594 3468 621 3506 e
647 3454 683 3506 t.
764 3447 833 3507 Si
862 3453 1050 3506 autem
1081 3447 1393 3521 contigerit,
1440 3465 1708 3520 maynum
1736 3447 1827 3504 vel
1861 3465 2118 3520 parvum
2163 3466 2198 3520 q
2221 3465 2260 3504 u
2283 3465 2312 3504 e
2333 3465 2426 3504 m-

200 3553 232 3607 q
254 3554 291 3593 u
315 3555 352 3594 a
374 3557 431 3596 m
478 3557 590 3596 non
635 3557 673 3595 a
716 3537 1031 3604 nativitate,
1079 3537 1177 3594 sed
1206 3536 1625 3609 superveniente
1655 3535 2008 3609 aeqritudine
2041 3535 2268 3604 vexari,
2317 3554 2424 3594 non

200 3629 279 3682 est
309 3626 701 3701 proiciendus,
750 3626 866 3695 sed,
912 3613 998 3683 sii
1027 3625 1305 3698 possibile
1335 3629 1435 3695 est,
1483 3624 1790 3683 curandus.
1867 3625 2134 3682 Attamen
2169 3624 2304 3682 dum
2350 3625 2427 3684 ad

118 3725 165 3764 35
200 3715 633 3775 communionem
704 3714 924 3774 venerit
984 3713 1049 3772 in
1114 3713 1347 3789 ecclesia
1368 3733 1445 3782 m,
1504 3718 1643 3787 post
1708 3731 1836 3772 omn
1859 3731 1887 3771 e
1908 3731 1938 3771 s
2013 3731 2052 3770 a
2074 3732 2103 3771 c
2126 3731 2155 3771 c
2178 3732 2206 3771 e
2228 3714 2267 3772 d
2291 3733 2318 3770 e
2340 3732 2376 3770 r
2398 3732 2427 3771 e

198 3801 439 3863 debet
496 3805 573 3864 ad
622 3791 1142 3878 participandumk
1192 3803 1437 3861 sacri
1496 3802 1837 3860 muneris
1894 3803 2423 3876 mysterium.

199 3888 352 3964 Equi
395 3912 549 3963 vero,
598 3893 697 3967 qui
731 3895 973 3967 prefato
1018 3893 1212 3951 morbo
1261 3891 1483 3962 fuerint
1534 3891 1900 3965 coinquinati,
1962 3891 2015 3949 si
2073 3891 2274 3950 curari
2316 3910 2428 3950 non

198 3981 499 4052 valuerint,
546 3983 609 4040 in
643 3987 785 4056 pute
806 4001 838 4040 o
862 3999 893 4040 s
936 3987 990 4040 et
1035 3984 1165 4052 fove
1188 4000 1227 4039 a
1248 3999 1277 4038 s
1317 3980 1644 4054 proiciendi
1673 3985 1822 4049 sunt,
1869 3999 1938 4039 ne
1965 3980 2211 4040 eiusdem
2243 3984 2426 4038 conta-

198 4068 354 4140 9ione
398 4071 567 4149 ceteri
610 4071 1055 4144 coinquinentur.
1148 4069 1471 4128 Animalia
1516 4073 1722 4138 autem,
1784 4088 1928 4143 quae
1973 4057 2045 4127 al
2106 4069 2430 4140 furentibus

114 4257 164 4296 40
406 4257 509 4297 VII.
568 4258 675 4304 Cap.
705 4256 772 4299 13.
839 4258 877 4300 1.
904 4257 972 4295 2a.
990 4257 1029 4295 b.
1044 4267 1080 4299 c.

200 4343 240 4389 a)
269 4349 397 4383 erant
422 4346 485 4385 2⁶.
620 4347 665 4395 b)
706 4356 794 4394 que
822 4357 906 4385 om.
936 4345 1003 4388 2a.
1024 4345 1063 4384 b.
1084 4356 1121 4383 c.
1258 4344 1298 4395 c)
1336 4345 1400 4383 ita
1428 4345 1565 4392 (corr.
1597 4353 1619 4380 e
1655 4343 1829 4391 putatio
1857 4343 1927 4390 2α)
1956 4344 2025 4383 2η.
2049 4343 2098 4394 b;
2138 4343 2324 4392 pittacio
2354 4345 2425 4391 2c3

198 4398 374 4441 putauit>
403 4410 517 4440 corr.
546 4399 713 4449 pitacio
744 4401 781 4438 1.
920 4399 964 4446 d)
1004 4409 1085 4436 noe
1113 4398 1215 4441 add.
1242 4398 1311 4436 2a.
1333 4398 1373 4436 b.
1397 4409 1433 4440 c.
1567 4399 1610 4445 e)
1649 4393 1958 4444 lampadarum
1991 4397 2057 4435 2b.
2193 4397 2227 4444 f)
2268 4407 2428 4444 magna

199 4447 268 4488 20.
289 4450 327 4489 b.
348 4463 383 4490 c.
494 4451 539 4504 g)
568 4464 652 4492 om.
683 4454 745 4491 2ο.
854 4453 902 4502 h)
932 4450 991 4490 de
1017 4451 1049 4490 i.
1079 4451 1138 4490 sit
1166 4453 1205 4489 1.
1328 4451 1359 4499 i)
1389 4462 1447 4490 m.
1478 4450 1537 4489 al.
1566 4459 1786 4497 superscr.
1817 4450 1884 4488 2α.
2008 4450 2056 4497 k)
2087 4449 2429 4498 percipiendum

198 4500 265 4540 2a.
285 4503 323 4542 b.
345 4515 381 4544 c.
489 4507 521 4556 1)
550 4517 608 4546 m.
638 4507 699 4548 al.
726 4516 940 4555 superscr.
970 4507 1031 4544 20.
