3167 5192
605 500 799 556 VITA
832 499 1239 556 BONIFATII
1274 501 1636 558 AUCTORE
1670 501 2180 561 WILLIBALDO.
2431 511 2498 566 51

270 683 401 748 Dei
449 683 899 773 dispositione
942 689 1247 749 tractare
1294 688 1384 762 et,
1418 685 1718 768 qualiter
1747 707 1886 751 non
1917 687 2140 752 visum
2171 689 2494 772 quidem*

262 793 515 836 aurum
577 774 689 838 vel
756 775 1124 858 argentum
1189 774 1374 838 inter
1440 794 1513 838 se
1581 775 1873 842 invicem
1943 771 2498 860 dispartireturb,

270 862 645 927 consulere.
740 861 1048 946 Cumque
1094 862 1425 946 prolixius
1474 862 1559 926 de
1606 866 1807 927 tanta
1851 866 2298 948 pecuniarum
2345 868 2499 932 esti·

268 950 573 1016 matione
643 952 1197 1028 sermocinarew,
1266 951 1402 1015 iam
1462 951 1736 1035 iamque
1794 953 2174 1036 iurgiorum
2244 955 2501 1039 discep-

184 1058 225 1098 5
268 1040 443 1103 tatio
490 1044 731 1104 exorta
776 1043 881 1104 est
928 1044 1001 1105 et
1043 1043 1245 1104 tanta
1290 1035 1713 1106 discordiaed
1763 1043 2038 1106 demum
2083 1043 2487 1109 inimicitia0

265 1128 615 1205 inchoata,
678 1131 758 1192 ut
817 1129 1052 1193 furore
1115 1129 1325 1193 etiam
1385 1130 1704 1195 vesaniae
1749 1131 2098 1196 insaniens
2155 1133 2365 1198 turba
2420 1133 2496 1198 in

268 1217 439 1281 duas
472 1217 693 1282 divisa
740 1211 887 1282 estf
923 1217 1332 1295 factionesss,
1368 1220 1439 1283 et
1470 1219 1558 1282 ad
1591 1221 1972 1283 extremum
2004 1241 2212 1298 arma,
2246 1222 2496 1305 quibus

264 1308 543 1370 sanctos
588 1310 751 1372 ante
798 1299 921 1371 ea¹¹
959 1309 1293 1391 martyres
1337 1306 1764 1391 iugularunt‚
1814 1309 1888 1371 in
1932 1329 2004 1374 se
2050 1309 2232 1393 ipsos
2264 1311 2496 1376 crude-

264 1394 429 1460 liter
477 1395 849 1477 pugnando
896 1399 1271 1460 verterunt.
1610 1395 1613 1400 ’

162 1509 225 1546 ιο
478 1483 671 1548 Tunc
715 1485 971 1566 itaque,
1020 1483 1315 1547 maxima
1358 1484 1770 1550 insanientis
1815 1486 2060 1550 turbae
2108 1491 2302 1570 parte
2349 1510 2494 1572 pro-

262 1574 485 1636 strata
502 1623 517 1650 ,
597 1573 735 1636 iam
805 1573 923 1656 qui
981 1566 1535 1657 supervixerant¹
1618 1574 1707 1637 ad
1775 1574 2041 1639 lucrum
2113 1577 2495 1640 animarum

259 1661 584 1745 vitaeque
645 1662 895 1726 damno
958 1662 1405 1744 adquisitum,
1465 1661 1853 1727 iacentibus
1913 1664 2316 1731 adversariis
2375 1667 2496 1748 qui

262 1750 397 1814 sibi
458 1744 709 1834 superk.
759 1751 1147 1814 desiderato
1208 1750 1612 1833 cupiditatis
1658 1751 1984 1816 thesauro
2045 1753 2491 1831 obsistebant,

260 1838 647 1921 gaudentes
716 1843 1184 1916 cucurrerunt,
1268 1843 1340 1904 et
1410 1839 1781 1905 confractis
1850 1841 2178 1905 librorum
2248 1844 2494 1927 reposi-

162 1951 223 1990 ιε
260 1928 481 2006 toriis,
530 1929 739 1992 etiam
786 1949 909 2011 pro
956 1949 1125 1992 auro
1168 1928 1523 1992 volumina
1568 1931 1640 1992 et
1690 1950 1812 2012 pro
1873 1934 2162 2012 argento
2222 1931 2494 1998 divinae

260 2017 594 2081 scientiae
626 2020 851 2081 cartas
880 2021 1330 2101 reppererunt
1347 2011 1365 2052 ¹
1384 2063 1399 2079 .
1468 2016 1714 2100 Sicque
1745 2019 2044 2102 pretioso
2077 2020 2226 2082 auri
2259 2041 2494 2104 argen-

261 2105 458 2188 tique
519 2106 745 2188 pretio
805 2106 1077 2189 privati,
1145 2106 1413 2170 codices
1468 2126 1637 2188 quos
1682 2107 2096 2172 invenerunt
2156 2108 2326 2173 alios
2372 2130 2496 2193 per

254 2194 541 2277 campim
571 2194 932 2279 planitiem
980 2195 1517 2278 disparseruntn,
1567 2195 1739 2258 alios
1785 2196 2123 2278 siquidem
2159 2197 2492 2282 paludum

262 2283 719 2348 arundineto⁰
758 2283 1155 2358 inferenteS‚
1204 2283 1377 2348 alios
1423 2283 1634 2348 etiam
1678 2284 1755 2347 in
1795 2285 2078 2350 diversis
2109 2287 2492 2370 quibusque

160 2396 223 2434 20
260 2371 433 2436 locis
502 2372 1000 2436 abscondentes
1069 2372 1535 2456 proiecerunt;
1606 2372 1726 2437 sed
1795 2376 1940 2436 tam
2001 2375 2492 2458 omnipotentis

262 2459 398 2524 Dei
429 2462 655 2544 gratia
684 2481 889 2544 quam
923 2461 1133 2525 etiam
1165 2460 1482 2545 precibus
1520 2461 1745 2525 sancti
1775 2462 2154 2526 Bonifatiip
2194 2465 2485 2528 summiq

261 2549 611 2633 pontificis
627 2554 653 2585 ²·
722 2553 927 2632 atque
992 2550 1311 2634 martyris
1370 2550 1572 2614 inlesi
1633 2554 1706 2614 et
1763 2551 2179 2626 intemerati,
2240 2573 2490 2636 magno

261 2641 505 2721 postea
578 2638 883 2721 dilapso⁸
963 2639 1291 2723 temporis
1368 2639 1590 2721 spatio
1610 2689 1624 2713 ‚
1701 2639 1958 2723 reperti
2032 2644 2196 2704 sunt
2263 2644 2334 2707 et
2403 2641 2492 2704 ad

262 2727 545 2790 domum
566 2726 609 2802 ¹,
656 2728 730 2790 in
778 2723 949 2810 quot
992 2747 1209 2812 usque
1256 2727 1461 2792 hodie
1508 2727 1893 2790 animarum
1937 2733 2227 2812 prosunt
2259 2728 2488 2806 saluti,

158 2838 223 2878 25
263 2837 309 2878 a
365 2816 656 2899 singulis
724 2817 1107 2898 quibusque
1165 2815 1640 2880 inventoribus
1706 2817 2006 2881 remisiu.
2123 2818 2492 2883 carnifices

262 2915 493 2970 autem
555 2925 759 2988 super
828 2905 1187 2969 estimatae
1248 2905 1620 2970 amisionev
1684 2906 2018 2988 pecuniae
2080 2907 2489 2984 contristati,

263 2994 546 3057 domum
622 2994 905 3070 reversi,
981 2994 1359 3058 maioremW
1430 2994 1959 3058 domesticarum
2033 3016 2262 3060 rerum
2339 2999 2493 3080 post

260 3083 476 3146 trium
535 3082 841 3146 indutias
902 3082 1166 3147 dierum
1229 3082 1557 3145 damnum
1574 3133 1590 3159 ,
1658 3082 1778 3147 sed
1847 3087 1920 3148 et
1975 3084 2160 3149 vitae
2230 3084 2494 3168 dispen-

263 3172 477 3248 dium,
538 3171 779 3235 mortis
839 3174 1117 3255 recepta
1160 3171 1441 3248 talione,
1491 3175 1966 3255 perceperunt,
2029 3173 2230 3256 quia¹
2283 3174 2494 3237 omni·-

160 3281 225 3321 πο
265 3263 555 3343 potens?
608 3259 851 3323 mundi
912 3260 1230 3324 eonditor
1274 3280 1352 3324 ac
1398 3259 1812 3324 reformator
1855 3261 2097 3325 ulcisci
2155 3282 2226 3326 se
2271 3261 2494 3327 voluit

264 3349 349 3412 de
394 3348 693 3413 inimicis
741 3351 811 3413 et
855 3347 1123 3412 fusam2
1164 3369 1287 3432 pro
1334 3368 1406 3413 se
1452 3352 1848 3414 sanctorum
1893 3351 2296 3434 sanguinem
2341 3351 2494 3415 con·

479 3503 519 3543 Ι.
568 3504 672 3552 Gap.
692 3504 733 3542 8.
790 3505 831 3542 1.
862 3504 931 3543 Sa.
952 3503 992 3543 b.
1012 3515 1049 3543 c.
1079 3503 1119 3543 3.
1148 3502 1191 3543 4.

264 3575 307 3621 a)
338 3573 519 3623 quidam
546 3575 616 3614 2a.
698 3575 744 3623 b)
774 3574 1000 3623 dispertit.
1030 3575 1092 3613 2⁶.
1120 3573 1163 3614 3.
1192 3573 1235 3614 4.
1320 3575 1359 3624 c)
1388 3574 1794 3614 sermocinarentur
1822 3576 1884 3614 2⁶.
1913 3575 1954 3616 4.
2043 3575 2087 3624 d)
2117 3571 2342 3615 discordia
2369 3577 2437 3616 2a.
2454 3587 2490 3615 c.

267 3629 309 3674 e)
339 3627 537 3668 inimicia
566 3629 605 3678 1,
634 3639 751 3667 corr.
764 3640 782 3676 ,-
809 3627 1108 3677 inimicumne
1136 3628 1205 3666 2a.
1236 3629 1275 3667 b.
1305 3639 1344 3667 c.
1426 3628 1459 3675 1)
1490 3632 1610 3667 esset
1635 3625 1662 3667 3
1695 3631 1732 3666 ot
1759 3639 1817 3668 m.
1847 3629 1907 3667 al.
1938 3627 2007 3668 2α.
2089 3630 2132 3677 g)
2162 3629 2400 3669 fractiones
2423 3629 2490 3668 sb.

158 3679 225 3720 35
266 3680 312 3728 h)
342 3681 407 3720 ita
433 3682 483 3732 13
512 3687 647 3721 antea
674 3693 732 3720 m.
763 3681 860 3720 reu.
970 3681 1001 3730 1)
1031 3691 1168 3730 supra
1194 3681 1405 3720 vixerant
1431 3681 1501 3720 2a.
1522 3681 1547 3718 b
1574 3682 1684 3726 (non
1710 3681 1793 3729 2ο).
1904 3681 1950 3730 k)
1981 3681 2170 3730 desuper
2197 3679 2395 3722 siderato
2423 3683 2490 3722 Ξὺ-

265 3734 295 3781 1)
326 3739 574 3783 repperunt
601 3735 626 3773 1
664 3738 703 3773 et
730 3745 811 3782 pr.
838 3746 896 3773 m.
932 3733 972 3774 3.
1108 3735 1167 3782 m)
1205 3745 1383 3783 campos
1420 3734 1648 3783 planizzzt
1679 3745 1758 3782 pr.
1786 3747 1844 3773 m.
1883 3735 1964 3782 2a,·
2001 3735 2144 3784 campi
2179 3735 2491 3786 planicizzem,

172 3810 179 3820 ·
264 3798 357 3826 rae.
396 3799 455 3826 on
492 3788 558 3826 2b.
708 3789 755 3834 n)
793 3789 857 3826 ita
881 3789 923 3826 1.
953 3788 1015 3826 20.
1042 3787 1071 3826 4
1098 3789 1189 3836 (pr.
1219 3797 1301 3836 m.)
1309 3801 1328 3835 ‚-
1363 3786 1551 3836 dispare.
1581 3788 1680 3826 rell.
1829 3790 1871 3837 o)
1910 3786 2102 3828 hai-und.
2132 3789 2158 3827 3
2185 3793 2224 3827 et
2249 3799 2272 3827 e
2297 3800 2412 3829 corr.
2442 3790 2490 3838 43

264 3839 485 3880 arundine
512 3841 575 3879 fla.
684 3841 731 3890 p)
759 3841 823 3879 ita
852 3842 891 3880 1.
912 3841 962 3891 43
994 3840 1244 3880 Bonifatius
1272 3841 1311 3890 3,
1340 3851 1454 3879 corr.
1467 3852 1485 3888 ,⁸
1511 3841 1729 3880 Bonitacii
1759 3841 1855 3880 rell.
1965 3843 2010 3891 q)
2039 3852 2207 3881 summe
2226 3853 2304 3891 pr.
2334 3855 2392 3882 m.
2421 3843 2490 3881 2a.

265 3895 302 3941 r)
331 3893 565 3942 pontifices
590 3899 728 3943 atque
754 3899 973 3944 martyres
1000 3893 1041 3942 3,
1069 3904 1189 3932 corr.
1284 3895 1321 3942 s)
1352 3890 1527 3942 dilapsu
1544 3905 1626 3942 pr.
1655 3905 1712 3932 m.
1741 3894 1783 3933 4.
1876 3895 1910 3943 t)
1939 3895 2001 3932 ita
2029 3898 2068 3934 1.
2100 3895 2170 3938 sa.
2199 3896 2250 3944 ῦς
2277 3907 2366 3945 qua
2395 3896 2490 3934 rell.

158 3948 227 3986 40
264 3949 309 3995 u)
338 3947 402 3984 ita
430 3949 479 3998 13
510 3947 685 3988 remissi
710 3947 809 3986 rell.
889 3949 937 3996 v)
966 3947 1029 3984 ita
1056 3949 1102 3995 13
1130 3947 1369 3986 amissione
1396 3947 1463 3995 2b,
1492 3958 1640 3994 corr.;
1666 3947 1903 3987 amissione
1931 3949 2028 3987 rell.
2111 3948 2171 3998 w)
2198 3961 2256 3987 m.
2287 3949 2346 3988 az.
2375 3960 2489 3988 corr.

264 4001 408 4039 maius
432 3999 476 4039 3.
558 4001 605 4050 x)
636 3999 722 4048 Qui
751 4003 791 4039 1.
873 4001 918 4050 y)
948 4000 1263 4050 omnipotentis
1292 4001 1361 4049 2a,
1388 4011 1503 4040 corr.
1586 4002 1627 4048 z)
1656 4001 1720 4039 ita
1747 4002 1788 4040 1.
1816 4001 1871 4040 2a
1896 4003 1988 4050 (pr.
2013 4005 2112 4051 m.).
2141 4003 2191 4050 b,·
2217 4003 2365 4042 tusum
2394 4003 2488 4040 rell.

266 4125 321 4190 1)
356 4122 429 4175 ‘in
466 4121 593 4175 dem
630 4121 837 4175 kloster
872 4126 931 4175 to
969 4121 1209 4176 Ffulden
1244 4122 1356 4176 und
1393 4123 1449 4175 in
1492 4122 1733 4176 anderen
1784 4123 1990 4178 steden’
2026 4127 2196 4177 versio
2230 4125 2493 4194 Frecken-

264 4195 572 4248 horstensis.
646 4195 977 4246 Etiamnunc
1010 4193 1219 4246 Fuhlae
1254 4199 1363 4248 tres
1397 4195 1596 4248 codices
1631 4201 1834 4261 extant,
1871 4198 1970 4262 qui
2002 4197 2272 4261 Bonifatii
2319 4197 2491 4260 fuisse

262 4267 551 4318 traditione
604 4270 666 4316 ut
716 4265 840 4319 solet
892 4267 1095 4318 incerta
1148 4266 1411 4329 feruntur
1422 4281 1447 4328 ‚·
1498 4267 1568 4330 cf.
1627 4266 1899 4318 Sohannat
1955 4267 1990 4321 l.
2041 4267 2074 4321 l.
2127 4283 2186 4333 p.
2239 4268 2306 4321 66
2341 4283 2450 4334 sqq,
2466 4284 2490 4330 ,-

158 4353 227 4393 45
264 4336 323 4391 J.
379 4335 438 4391 Ο.
488 4335 801 4401 Weetwood,
856 4334 1235 4389 ‘Fac-similes
1290 4337 1355 4401 of
1399 4337 1485 4389 the
1537 4339 1857 4388 miniaturee
1911 4339 2022 4388 and
2073 4342 2380 4389 ornaments
2435 4340 2501 4403 of

266 4407 687 4474 Anyto-Samon
738 4408 849 4459 and
897 4406 1049 4460 Im‘sh
1098 4405 1290 4472 MSSJ,
1345 4408 1505 4469 1868,
1555 4423 1616 4474 p.
1668 4410 1734 4463 91
1773 4424 1849 4474 sq.
1866 4423 1891 4470 ;
1943 4409 2011 4463 E.
2060 4408 2266 4472 Ranke,
2319 4409 2495 4462 Codex

264 4477 573 4541 Famam,
618 4479 772 4545 1868,
811 4479 1216 4545 proleyome‘na,·
1248 4479 1593 4544 Narnberyer
1627 4480 1696 4543 (v.
1736 4495 1795 4545 p.
1832 4481 1921 4543 48,
1955 4481 2052 4542 42)
2087 4495 2148 4546 p.
2188 4482 2255 4535 15
2278 4495 2386 4548 sqq.

1997 4583 2066 4639 4*
