3167 5192
1195 486 1651 541 PRAEFATIO.
2402 486 2540 540 LIX

300 671 543 736 ‘beatae
617 669 954 734 memoriae
1010 669 1281 749 patrem'
1351 669 1612 734 coluerit
1630 670 1669 750 1,
1737 676 1959 751 postea
2024 669 2232 751 ipsum
2301 669 2539 751 deyisse

301 781 460 841 opus
506 767 598 824 est
641 780 838 840 neque
881 779 1026 822 vero
1073 760 1228 822 adeo
1273 759 1464 822 multo
1497 765 1660 839 post,
1724 780 1863 822 cum
1910 757 2057 822 Vita
2118 760 2333 823 eadem
2393 764 2540 822 ante

299 871 362 912 a.
424 855 615 912 1066.
662 850 740 912 ab
796 847 1014 913 Otloho
1061 846 1356 913 adhibita
1401 846 1486 910 sit
1504 849 1544 911 2.
1634 848 2027 929 Quamquam
2074 848 2149 912 de
2194 846 2541 928 Moyuntia

297 937 566 1018 scripsit
632 934 702 1018 (c.
781 935 915 1016 10):
989 937 1075 999 In
1147 937 1385 1001 eadem
1455 937 1709 1020 quippe
1781 938 2079 1012 civitate,
2151 940 2232 1000 ut
2308 937 2539 1001 accole

225 1049 259 1087 5
298 1028 562 1090 illius
609 1028 880 1110 putant,
931 1031 1141 1089 tamen
1185 1024 1258 1088 in
1302 1024 1449 1105 ipsa
1493 1027 1648 1089 urbe
1692 1032 1806 1089 aut
1835 1046 2037 1106 prope
2082 1047 2221 1090 eam
2266 1026 2536 1106 deyebat,

300 1116 534 1196 quippe
609 1113 722 1195 qui
787 1135 1000 1179 rerum
1068 1112 1607 1194 Moyuntinarum
1676 1113 2095 1195 compluribus
2162 1113 2314 1178 locis
2381 1113 2540 1177 satis

304 1204 625 1268 curiosum
653 1245 656 1250 -
684 1225 749 1268 se
804 1202 1192 1284 praebuerit,
1255 1203 1502 1267 easdem
1568 1203 1783 1267 multis
1852 1203 2239 1284 exposuerit:
2308 1202 2543 1266 scilicet

303 1292 568 1372 fabulas
626 1295 715 1357 ad
767 1291 1109 1356 Geroldum
1163 1297 1223 1355 et
1275 1290 1548 1355 Gewelib
1610 1291 1923 1372 episcopos
1981 1291 2256 1356 eiusdem
2317 1290 2539 1374 oppidi

303 1387 668 1462 spectantes,
717 1379 1135 1461 donationem,
1184 1400 1374 1460 quam
1421 1379 1524 1444 hic
1555 1381 1789 1444 honore
1819 1379 2107 1445 abdicato
2140 1381 2206 1445 S.
2241 1380 2539 1444 Martino

203 1494 266 1532 ιο
303 1469 696 1551 Moyuntino
743 1469 1012 1534 dedisset
1054 1465 1127 1552 (c.
1182 1468 1259 1550 1),
1309 1468 1446 1532 alia
1478 1469 1760 1549 praedia
1806 1469 2005 1533 eidem
2050 1469 2343 1534 ecclesiae
2402 1489 2539 1532 con-

305 1581 512 1640 cessa,
591 1579 854 1640 quorum
930 1564 1216 1638 raptores
1276 1579 1523 1639 poenas
1585 1557 1874 1639 periurii
1950 1557 2213 1622 luissent
2302 1556 2373 1638 (c.
2454 1554 2537 1639 6).

305 1647 621 1712 Meminit
664 1645 1020 1728 baptisterii
1068 1647 1136 1710 S.
1170 1646 1492 1711 Iohannis
1537 1644 1610 1727 (c.
1652 1642 1771 1731 10),
1822 1647 2033 1711 trunci
2079 1647 2409 1711 cuiusdam
2455 1646 2543 1710 ad

303 1737 714 1802 Aldebertum
774 1735 1157 1800 haereticum
1209 1735 1549 1815 referendi,
1622 1736 1734 1817 qui
1789 1733 2004 1816 ‘supra
2058 1743 2315 1817 portam
2382 1756 2539 1816 quae

305 1825 484 1890 ducit
525 1828 615 1890 ad
659 1827 964 1890 Sanctum
1008 1824 1353 1889 Albanum'
1398 1845 1738 1904 suspensus
1791 1825 1906 1888 diu
1966 1848 2008 1890 a
2067 1824 2425 1889 transeunti
2430 1827 2541 1888 bus

203 1937 267 1976 15
303 1915 483 1979 visus
527 1921 684 1979 esset
728 1911 799 1994 (c.
835 1909 917 1993 2).
995 1913 1308 1978 Homines
1349 1920 1531 1978 trans
1575 1913 1872 1977 Rhenum
1916 1913 2273 1978 habitantes
2320 1913 2540 1977 ‘'orien-

306 2004 491 2068 tales’
540 2003 784 2068 vocavit
827 2000 898 2084 (c.
952 2009 1008 2065 3.
1061 2009 1120 2065 5.
1160 2009 1216 2064 7.
1270 2008 1328 2065 9.
1384 2001 1506 2083 11),
1556 2002 1975 2082 Moyuntinos
2019 2023 2165 2066 vero
2209 2002 2539 2082 finitimos-

303 2114 424 2174 que
473 2091 829 2157 ‘citeriores'
877 2091 953 2172 (c.
993 2098 1023 2155 1
1037 2091 1118 2170 1).
1212 2090 1506 2172 Denique
1552 2092 1641 2155 ad
1683 2093 1876 2170 finem
1910 2111 2184 2173 peryens
2220 2092 2541 2171 complura

304 2202 503 2262 eaque
549 2181 737 2246 utilia
767 2182 842 2245 de
887 2180 1146 2246 ecclesia
1180 2181 1246 2244 S.
1279 2179 1553 2244 Victoris
1583 2186 1765 2244 eoetra
1810 2201 2024 2244 muros
2052 2179 2179 2244 sita
2210 2179 2544 2244 enarravit

306 2266 382 2354 (c.
440 2264 560 2353 13),
622 2269 718 2334 ita
773 2277 844 2334 ut
895 2291 1033 2334 eum
1093 2291 1124 2333 e
1183 2290 1442 2334 numero
1511 2268 1960 2333 canonicorum
2026 2269 2120 2334 ibi
2188 2268 2542 2349 deyentium

207 2383 268 2421 20
305 2359 512 2438 fui-sse
556 2359 706 2423 inde
752 2359 832 2424 ab
879 2379 1028 2422 aevo
1059 2357 1455 2422 Henschenii
1473 2359 1498 2396 3
1542 2358 1815 2436 fortasse
1860 2365 2019 2422 recte
2051 2359 2406 2422 conclusum
2436 2357 2539 2420 sit.

523 2448 654 2512 Res
694 2454 902 2529 qestas
930 2447 1264 2526 Bonifatii
1310 2447 1533 2511 ordine
1579 2446 1781 2511 debito
1827 2449 1982 2511 adeo
2013 2468 2141 2510 non
2173 2453 2541 2528 persecutus

307 2543 416 2618 est,
444 2543 758 2601 utcontra
780 2559 882 2600 res
905 2537 1249 2618 complures
1277 2535 1491 2600 minus
1515 2535 1683 2600 inter
1705 2557 1768 2600 se
1792 2535 2187 2600 cohaerentes
2210 2534 2537 2616 colleyerit,

306 2647 470 2706 quae
516 2625 756 2691 nullius
788 2624 1184 2690 auctoritatis
1212 2632 1362 2689 sunt
1389 2624 1831 2704 erroribusque
1861 2631 2115 2688 scatent.
2195 2624 2438 2704 Itaque,
2472 2629 2543 2686 ut

289 2736 514 2796 pauca
550 2714 838 2796 afferam,
879 2713 1120 2797 primis
1163 2714 1369 2778 verbis
1413 2714 1683 2791 fratrem
1715 2712 1986 2794 Pippini
2021 2714 2188 2791 falso
2220 2713 2539 2776 Karolum

207 2825 264 2864 25
304 2803 695 2884 nominavi&
711 2803 1124 2882 Bonifatium
1145 2803 1418 2884 scripsit,
1434 2809 1505 2865 ut
1511 2801 1801 2882 primum
1824 2823 1856 2865 e
1870 2801 2233 2866 Britannia
2253 2800 2537 2880 venisset,

317 2891 594 2956 Gewelib
637 2892 928 2972 depositO,
973 2891 1108 2957 sedi
1137 2890 1564 2974 Moyuntinae
1597 2890 2031 2971 praepositum
2062 2897 2120 2955 et
2148 2913 2190 2955 a
2231 2889 2541 2970 Greyorio

291 3003 478 3062 papa
527 2980 877 3062 episcopum
937 2980 1302 3044 ordinatum
1360 3001 1490 3044 esse
1547 2974 1619 3062 (c.
1676 2978 1732 3061 1)
1748 3001 1773 3060 ,·
1835 2979 2098 3061 denique
2154 2979 2541 3061 Stephanum

290 3091 542 3151 papam
602 3092 644 3134 a
704 3069 1022 3134 Romanis
1083 3065 1232 3152 (pro
1285 3067 1765 3150 Lanyobardis)
1840 3104 1925 3111 —
1991 3070 2387 3144 insolenter,
2458 3072 2540 3130 ub

307 3181 454 3223 mos
503 3180 738 3223 eorum
786 3164 908 3236 est,
959 3193 1044 3202 —-
1081 3157 1347 3239 petitum
1393 3160 1482 3222 ad
1509 3158 1805 3222 Francos
1833 3157 2093 3239 fuyisse,
2125 3157 2236 3221 ubi-
2276 3155 2541 3222 Chrode-

209 3269 265 3308 ao
300 3269 582 3329 ‚qanyum
652 3247 1003 3329 episcopum
1070 3248 1162 3311 Μ
1157 3253 1444 3311 ettensem
1513 3246 1887 3326 ordinasset,
1956 3245 2299 3325 Bonifatio
2367 3247 2542 3310 laesa

301 3337 460 3400 iura
505 3336 985 3418 metropolitana
1029 3335 1407 3417 indiynante
1454 3333 1525 3417 (c.
1577 3334 1657 3415 8),
1708 3335 1850 3398 licet
1891 3334 1998 3399 ille
2050 3341 2195 3398 tunc
2256 3331 2337 3418 (a.
2390 3330 2539 3414 754)

303 3425 438 3489 iam
519 3446 644 3508 per
718 3425 1038 3490 duodecim
1116 3446 1320 3489 annos
1395 3423 1702 3505 diynitate
1777 3423 2116 3504 episcopali
2196 3424 2537 3502 frueretur.

305 3515 598 3578 Fabulas
666 3519 978 3578 auctorem
1046 3513 1271 3578 auditu
1332 3512 1639 3594 accepisse
1696 3512 1889 3591 facite
1949 3512 2327 3576 crediderim
2341 3534 2365 3593 ,·
2433 3511 2547 3575 sed

305 3602 573 3684 vestiyia
605 3602 936 3684 poematis,
985 3623 1142 3683 quae
1189 3602 1586 3683 Rettberyius
1605 3601 1631 3640 4
1677 3601 2157 3684 deprehendisse
2204 3601 2326 3666 sibi
2378 3600 2540 3664 vide-

213 3841 266 3880 35
309 3831 362 3897 1)
411 3831 537 3881 Vita
574 3831 680 3883 IV.
718 3830 998 3894 Bonifatii
1045 3845 1086 3882 c.
1127 3834 1209 3884 13.
1299 3831 1402 3880 Res
1453 3830 1742 3881 nonnullae
1791 3829 1952 3880 huius
2002 3831 2195 3894 capitis
2249 3844 2367 3879 cum
2421 3828 2542 3879 Vita

284 3901 627 3952 ‘Burchardi
671 3904 900 3968 episcopi
945 3901 1352 3953 Wormatiensis
1405 3902 1568 3966 (1000
1582 3902 1810 3966 -1025)
1861 3903 2169 3951 conveniunt
2217 3916 2379 3965 neque
2425 3913 2542 3950 vero

307 3973 437 4022 adeo
451 4011 468 4036 ,
519 3979 582 4024 ut
629 3973 858 4028 alterum
908 3975 1215 4040 opusculum
1265 3974 1480 4023 auctori
1527 3973 1755 4023 alterius
1796 3978 1980 4023 notum
2035 3972 2203 4034 fuisse
2250 3987 2354 4037 pro
2408 3976 2542 4021 certo

309 4044 719 4108 affirmaverim.
855 4045 909 4110 2)
953 4044 1012 4095 V.
1039 4045 1316 4107 Bonifatii
1337 4048 1476 4097 auct.
1508 4043 1690 4094 Otloho
1715 4042 1762 4108 I,
1791 4045 1877 4096 24.
1906 4044 1991 4097 25.
2018 4044 2256 4096 41—-43,
2295 4042 2372 4106 II,
2402 4043 2539 4094 20—

304 4117 394 4168 22.
433 4117 678 4169 29-31,
757 4114 906 4177 Quod
948 4113 1098 4167 Otloh
1134 4114 1181 4180 I,
1209 4117 1295 4179 24,
1336 4131 1424 4165 res
1461 4117 1538 4166 ‘in
1591 4115 1730 4165 libro
1775 4113 2004 4180 quodam
2042 4113 2279 4179 antiquo'
2313 4115 2543 4178 scriptas

209 4198 269 4236 40
305 4188 605 4252 repperisse
637 4187 817 4252 voluit,
854 4186 950 4237 hoc
979 4187 1041 4236 de
1075 4186 1183 4238 loco
1215 4188 1368 4250 infra
1394 4203 1452 4250 p.
1480 4185 1628 4236 LXI
1633 4187 1689 4239 V.
1724 4187 1971 4238 disserui.
2080 4185 2135 4250 3)
2176 4183 2238 4236 L.
2267 4184 2301 4236 l.
2333 4199 2391 4248 p.
2417 4183 2539 4236 453.

304 4256 360 4321 4)
405 4257 547 4310 ‘KGH
572 4257 987 4309 Deutschlands'
1012 4257 1060 4322 I,
1087 4261 1190 4312 573
1206 4274 1230 4320 ,·
1261 4261 1328 4323 cf.
1354 4256 1428 4311 H.
1454 4257 1642 4320 Hahn,
1677 4255 2039 4307 ‘Jahrbi'tcher
2069 4255 2159 4306 des
2194 4254 2543 4318 frankischen

304 4327 498 4379 Reichs
535 4329 862 4394 741—752’,
919 4330 1075 4394 1863,
1119 4346 1178 4396 p.
1217 4331 1360 4391 203;
1408 4329 1464 4379 J.
1502 4328 1563 4382 P.
1604 4328 1819 4393 Mulier,
1865 4325 2226 4390 ‘Bonifacius'
2266 4325 2345 4390 ΙΙ,
2388 4327 2539 4390 1870,

295 4416 358 4465 p.
395 4401 483 4464 28,
535 4416 586 4454 n.
627 4403 712 4456 58.
