3167 5192
715 527 787 580 42
1071 522 1266 579 VITA
1300 520 1707 577 BONIFATII
1742 519 2103 577 AUCTORE
2139 518 2653 575 WILLIBALDO.

721 706 1050 789 Gregorio
1119 707 1385 769 iuniore
1405 756 1418 781 ‚
1491 726 1532 768 a
1600 706 1820 787 primo
1890 704 2224 779 secunde,
2310 706 2423 767 eta
2500 700 2839 784 Gregorio
2926 721 2969 763 a

721 796 1020 860 secundo
1066 795 1350 867 iuniore,
1402 814 1554 857 cum
1605 794 1827 878 primo
1884 793 2115 869 terti0‚
2170 792 2318 855 viro
2380 782 2812 855 honorabilib
2874 822 2967 831 —

533 944 600 983 ω,
601 944 702 983 am
720 884 806 948 ob
855 884 1267 947 salutarem⁰
1327 883 1683 947 doctrinae
1732 881 2047 947 caelestis
2094 883 2546 964 augmentum
2594 878 2968 942 admonuit

505 998 698 1047 E'tymoz.
721 967 1184 1049 conservari&
1259 975 1329 1035 et
1405 972 1984 1054 quemadmodum
2052 970 2125 1032 in
2194 976 2463 1043 Nicena,
2534 973 2967 1031 Constantino

525 1050 680 1145 ’ᾖξ’
719 1065 1030 1142 augusto⁶
1118 1060 1302 1123 orbis
1395 1061 1865 1124 monarchiam
1966 1065 2438 1140 gubernante
2464 1056 2505 1131 1,
2598 1048 2961 1119 Arrianaef
3006 1081 3036 1120 ε

720 1174 1002 1214 eversa
1062 1159 1190 1212 est
1247 1154 1568 1229 perfidia&
1630 1155 2073 1229 blasphemiae
2135 1152 2207 1211 et
2262 1152 2361 1210 CL
2420 1155 2695 1226 patrum,
2756 1151 2966 1207 Theo·

721 1246 899 1302 dosio
955 1230 1238 1302 senioreh
1294 1242 1924 1318 Constantinopolim
1984 1244 2479 1317 imperante,
2528 1240 2967 1315 congregatio

721 1328 1063 1410 quendam
1123 1320 1600 1390 Macedonium¹
1663 1332 1965 1407 Spiritum
2026 1334 2321 1387 sanctum
2371 1330 2578 1387 Deum
2637 1346 2776 1386 esse
2834 1346 2868 1384 r
2888 1345 2926 1385 e
2946 1358 2966 1369 ·

720 1422 1082 1481 tutantem
1159 1421 1650 1479 condemnavit
1732 1419 1940 1498 atque
2019 1420 2437 1478 ducentorum
2519 1418 2968 1492 episcoporum

720 1512 1036 1579 unitas,
1087 1511 1204 1567 sub
1251 1498 1538 1569 iuniorek
1573 1510 1927 1567 Theodosio
1974 1509 2187 1583 apud
2233 1493 2631 1565 Effesinam¹
2677 1506 2969 1563 urbem
3010 1526 3061 1565 10

721 1598 1242 1667 adventatam,
1306 1598 1711 1657 Nestoriumn
1778 1598 2149 1673 geminas
2218 1598 2285 1653 in
2346 1595 2595 1653 Christo
2654 1612 2967 1670 personas

719 1689 1209 1763 profitentem
1277 1702 1318 1744 a
1378 1681 1762 1746 catholica⁰
1828 1687 1995 1743 iusto
2056 1686 2464 1743 anathemate
2523 1684 2969 1759 segregavit

723 1771 1012 1854 ecclesia
1071 1790 1339 1835 necnon
1385 1774 1456 1833 et
1503 1774 2033 1833 calcedonensisP
2088 1774 2332 1849 synodi
2377 1770 2712 1831 DCXXXq
2760 1790 2965 1829 sacer·

723 1866 944 1923 dotum
1005 1865 1449 1923 conventio
1509 1864 1777 1922 Euticen
1838 1863 2609 1937 Constantinopolitanae
2678 1860 2959 1917 urbis*
3143 1914 3146 1937 ξ

721 1954 1016 2012 abbatem
1085 1957 1152 2010 et
1217 1953 1591 2011 Dioscorum
1661 1952 2057 2010 defensorem
2105 1942 2271 2009 'eius
2342 1944 2727 2008 catholicae
2796 1944 2969 2007 fidei
3008 1968 3056 2007 ιο
3144 1940 3146 2013 J

723 2036 1176 2099 munitate⁸·2
1220 2035 1637 2100 rebellantes
1683 2042 1915 2099 iuxta
1974 2034 2410 2119 praefinitam
2470 2028 2763 2114 patrumt
2825 2056 2967 2095 sen-

721 2131 1003 2188 tentiam
1087 2130 1837 2199 anathematizavit,
1915 2124 2017 2186 ita
2093 2123 2409 2207 equidem
2489 2122 2675 2205 apud
2754 2121 2966 2184 Fran-

725 2214 928 2289 ciam‚
1001 2213 1238 2277 omniu
1312 2212 1634 2275 funditus
1707 2213 2057 2277 eradicata.
2132 2212 2591 2277 hereticorum
2670 2209 2969 2293 perfidia

725 2306 796 2367 et
813 2307 846 2337 v
923 2302 1302 2385 exstirpata
1381 2301 1773 2384 iniquorum
1850 2300 2353 2377 coniuratione,
2432 2299 2606 2381 legis
2684 2298 2967 2362 divinae

724 2394 1204 2474 augerenturw
1261 2390 1691 2455 incrementa
1748 2393 1820 2455 et
1887 2388 2248 2473 synodales
2317 2387 2745 2471 generalium
2810 2407 2969 2451 con·
3006 2412 3057 2450 so

725 2479 1036 2544 ciliorum
1117 2500 1412 2544 canones
1501 2478 1975 2562 reciperentur
2002 2483 2059 2513 ¹·
2084 2478 2126 2554 3,
2206 2476 2689 2561 synodalisque
2775 2476 2968 2559 spiri·
3144 2488 3146 2507 ³

640 2580 644 2583 “
722 2569 885 2632 talis
961 2568 1230 2632 consilii
1307 2569 1775 2650 episcoporum
1858 2567 2303 2651 congregatio
2379 2566 2575 2629 iuxta
2626 2564 2969 2648 praefini-

722 2660 866 2721 tam
949 2658 1393 2722 authenticae
1471 2656 1988 2721 constitutionis
2066 2655 2557 2719 diffinitionem
2579 2658 2613 2701 Y
2703 2654 2969 2737 pariter

725 2747 1120 2812 conveniret
1142 2752 1167 2783 ²
1183 2793 1197 2807 .

937 2972 976 3011 1.
1025 2972 1128 3020 Gap.
1159 2972 1200 3010 8.
1259 2973 1298 3011 1.
1328 2972 1398 3011 aa.
1419 2972 1458 3011 b.
1479 2982 1516 3011 ο.
1545 2970 1589 3012 3.
1618 2970 1661 3011 4.
3006 2978 3056 3017 25

723 3076 768 3127 a)
798 3075 861 3126 (et
888 3074 968 3116 Gr.
997 3086 1026 3114 a
1053 3086 1141 3115 sec.
1172 3088 1230 3115 m.
1259 3077 1320 3116 al.
1348 3077 1581 3129 superscr.)
1610 3077 1705 3116 iun.
1735 3075 1845 3115 Cum
1874 3077 1921 3114 in
1948 3076 2084 3113 litura
2110 3074 2181 3113 za.
2299 3076 2345 3124 b)
2374 3086 2414 3114 v.
2437 3086 2489 3123 p.
2510 3076 2577 3124 41,
2606 3086 2651 3113 n.
2675 3086 2718 3123 q.
2834 3076 2875 3123 c)
2904 3086 2965 3114 m.

725 3130 784 3169 al.
815 3140 932 3168 corr.
961 3128 1157 3168 salutare
1184 3130 1225 3180 3,
1255 3134 1293 3167 et
1319 3130 1382 3168 ita
1411 3131 1471 3169 2⁶.
1499 3130 1542 3170 4.
1653 3128 1699 3179 d)
1730 3140 2000 3169 conservare
2026 3128 2068 3177 4,
2098 3138 2245 3174 eorm:
2271 3129 2527 3167 conversari
2550 3128 2618 3168 21».
2730 3129 2773 3177 e)
2804 3134 2967 3177 agusto

723 3183 910 3230 sortasse
936 3186 1046 3221 recte
1063 3183 1132 3221 2a.
1229 3184 1262 3230 1)
1293 3182 1474 3222 Arriani
1494 3185 1534 3222 1.
1631 3184 1675 3233 g)
1706 3180 1896 3233 perfidis
1922 3182 2204 3231 blasphemia
2231 3182 2278 3220 20
2304 3192 2399 3219 cum
2418 3182 2613 3220 Isidoro.
2710 3181 2759 3230 h)
2790 3181 2968 3220 iuniore

725 3235 877 3276 Const.
910 3234 1079 3283 (Const.
1110 3236 1204 3274 iun.
1234 3237 1301 3284 2b,
1329 3238 1465 3285 corr.)
1495 3238 1549 3275 2a
1574 3237 1667 3285 (pr.
1696 3240 1793 3285 m.).
1824 3236 1865 3275 b.
1894 3248 1932 3275 c.
2059 3236 2090 3284 i)
2120 3232 2465 3273 Machedonium
2493 3236 2541 3283 13
2573 3231 2872 3273 Macedonum
2902 3234 2963 3272 2ο.

725 3289 772 3338 k)
810 3290 1064 3338 inanem-eff)
1095 3299 1173 3337 pr.
1213 3300 1270 3327 m.
1305 3288 1348 3328 3.
1477 3290 1508 3337 1)
1552 3289 1722 3339 Ephes.
1761 3290 1829 3329 2a.
1860 3290 1901 3329 b.
2029 3290 2089 3337 m)
2134 3290 2403 3327 conveniens
2437 3288 2481 3327 4.
2618 3289 2664 3336 n)
2708 3288 2969 3327 Nestorium
3006 3288 3055 3327 30

715 3354 795 3391 pr.
834 3355 891 3381 m.
930 3344 998 3381 2a.
1137 3343 1178 3391 o)
1218 3342 1438 3382 catholico
1476 3344 1516 3382 1.
1653 3344 1697 3391 p)
1736 3340 1966 3382 calcidon.
2000 3342 2070 3380 2α.
2096 3340 2136 3379 b.
2275 3342 2319 3390 q)
2361 3342 2539 3381 ducenti
2574 3342 2707 3390 (corr.
2736 3351 2760 3379 c
2790 3340 2966 3389 duenti)

724 3407 854 3445 super
880 3394 958 3435 Dc
985 3406 1072 3434 scr.
1099 3394 1150 3445 33
1189 3392 1482 3435 ducentorum
1513 3396 1587 3445 (m.
1618 3396 1677 3435 al.
1706 3407 1820 3435 corr.
1850 3395 2180 3443 sexcentorum)
2219 3394 2404 3443 triginta
2438 3395 2507 3433 212.
2644 3394 2683 3441 r)
2723 3395 2860 3433 urbes
2899 3394 2965 3443 sb,

723 3461 868 3495 corr-,5
904 3450 1060 3488 urbem
1087 3459 1167 3497 pr.
1207 3460 1265 3487 m.
1304 3450 1366 3488 sc.
1530 3450 1566 3498 s)
1605 3450 1668 3487 ita
1702 3451 1741 3488 1.
1770 3450 1837 3489 Σὺ.
1866 3448 1917 3499 3;
1958 3446 2171 3497 tuumne,
2208 3458 2299 3487 ras.
2338 3459 2382 3487 m
2420 3448 2499 3495 2a,·
2534 3447 2696 3485 unitati
2732 3448 2796 3485 2ο.
2826 3447 2877 3497 4;
2921 3448 2967 3485 in

723 3504 897 3542 unitate
924 3503 1021 3542 edd.
1185 3503 1218 3551 t)
1255 3507 1428 3551 patrem
1458 3513 1536 3550 pr.
1566 3514 1626 3541 m.
1657 3504 1725 3541 2α.
1887 3503 1933 3551 ιι)
1972 3501 2116 3541 omni:
2158 3504 2197 3540 1.
2359 3501 2406 3549 v)
2444 3510 2657 3550 super-scr.
2689 3501 2770 3547 2α,·
2798 3512 2885 3539 om.
2916 3500 2967 3539 22>

722 3558 829 3603 (non
865 3558 947 3605 20).
1111 3556 1169 3605 w)
1209 3557 1494 3606 augebantur
1529 3556 1554 3594 3
1592 3560 1631 3593 et
1667 3568 1725 3595 m.
1764 3555 1823 3593 al.
1862 3556 1931 3593 2a.
2095 3557 2142 3604 x)
2186 3554 2519 3603 recipiebantur
2552 3552 2579 3593 3
2617 3557 2655 3591 ct
2691 3565 2751 3592 m.
2792 3555 2853 3592 al.
2897 3556 2965 3591 2α.
3004 3554 3051 3592 ⁸⁶
3144 3564 3146 3567 ⁴

722 3610 768 3660 y)
809 3609 940 3649 defin.
969 3608 1038 3647 2a.
1161 3610 1201 3658 z)
1240 3609 1480 3649 conveniet
1507 3611 1546 3658 1,
1577 3620 1723 3657 corr.;
1751 3608 2049 3648 conveniebat
2078 3609 2199 3657 (ebat
2225 3619 2285 3646 m.
2316 3608 2375 3646 al.
2404 3609 2451 3645 in
2479 3618 2569 3645 ras.
2599 3606 2669 3655 2a)
2699 3606 2769 3644 sa.
2800 3606 2842 3647 3.

725 3804 778 3868 1)
838 3804 923 3867 Cf,
974 3803 1238 3870 Aldhelm,
1291 3803 1372 3855 De
1422 3803 1577 3855 laude
1626 3805 1958 3868 viryinitatt's
2006 3820 2048 3859 c.
2086 3806 2157 3859 24
2206 3804 2385 3869 (Giles
2430 3820 2485 3871 p.
2524 3805 2647 3867 27):
2698 3800 2967 3853 Constan-

721 3874 839 3925 tino
877 3872 1024 3926 orbis
1061 3872 1403 3943 gubernante
1440 3873 1829 3928 monarchiam.
1970 3876 2026 3939 2)
2066 3874 2274 3942 Alpina
2310 3874 2580 3926 munitate
2618 3874 2676 3928 V.
2705 3873 2972 3925 Eucherii

722 3961 761 3998 c.
790 3947 841 4009 9,
881 3947 916 3998 i.
945 3961 984 3998 e.
1010 3947 1296 4011 mammen,
1325 3962 1453 4009 arx,
1478 3950 1713 3997 castrum
1738 3950 1862 3997 teste
1886 3946 2247 4012 aaa-pemeria
2358 3946 2415 4015 3)
2455 3946 2536 4011 Cf.
2562 3946 2781 4013 capitul.
2812 3944 2969 3996 Carl-
3144 3990 3146 4001 ,

722 4018 917 4067 manni
950 4032 1002 4069 a.
1030 4018 1152 4080 742,
1190 4030 1230 4070 c.
1261 4019 1287 4069 1
1328 4016 1532 4083 (Epist.
1570 4016 1688 4079 ΙΙΙ,
1714 4019 1857 4079 310,·
1896 4017 2124 4083 Capitul.
2151 4017 2197 4083 I,
2230 4019 2357 4079 25).·
2394 4014 2697 4069 Statuimus
2732 4032 2837 4082 per
2873 4031 2965 4067 an·
3003 4024 3050 4063 ιο

720 4104 820 4139 nos
871 4085 1112 4155 singulos
1163 4086 1431 4153 synodum
1468 4102 1821 4157 congregare,
1872 4091 1934 4139 ut
1982 4087 2139 4140 nobis
2188 4086 2563 4154 praesentibus
2614 4102 2967 4139 canonum

722 4158 1021 4211 decreta
1069 4160 1126 4210 et
1176 4157 1435 4211 ecclesiae
1485 4156 1606 4210 iura
1654 4162 2030 4211 restaurentur
2078 4161 2135 4211 et
2183 4157 2391 4226 relegio
2442 4155 2737 4210 christiana
2781 4172 2966 4208 emen-

721 4227 915 4297 detur3
994 4232 1144 4297 epist.
1208 4232 1276 4285 78
1349 4232 1425 4297 (p.
1500 4232 1670 4292 351).·
1747 4228 2079 4295 StatuimuS‚
2160 4233 2223 4279 ut
2293 4245 2393 4296 per
2472 4244 2641 4280 annos
2720 4227 2967 4295 singulos

723 4314 1000 4352 canonu
1022 4318 1070 4351 m
1135 4299 1434 4353 decreta
1495 4303 1550 4353 et
1612 4299 1904 4353 aecclesiae
1964 4298 2085 4351 iura
2147 4304 2201 4351 et
2259 4316 2453 4351 norma
2501 4298 2766 4367 regularis
2818 4298 2965 4349 vitae

721 4368 778 4421 in
833 4370 1024 4422 sinodo
1081 4370 1335 4439 legantur
1390 4373 1445 4422 et
1497 4374 1890 4437 recuperentur
1950 4372 2022 4436 (a.
2075 4373 2223 4437 747).
2308 4371 2655 4421 Willibaldus
2708 4374 2967 4437 quattuor
2999 4376 3047 4417 45
3144 4398 3146 4453 ξ

721 4444 932 4491 tantum
980 4442 1326 4493 conciliorum
1375 4457 1600 4494 canones
1646 4441 1922 4493 Isidorum
1971 4443 2224 4507 expilatus
2272 4457 2442 4509 supra
2491 4442 2685 4494 citavit.
