3167 5192
72 1536 129 1575 10

79 1980 135 2019 15

86 2884 142 2923 25

415 529 660 585 VITAE
696 530 1102 586 BONIFATII
1138 530 1500 586 AUCTORE
1539 529 1848 586 OTLOHO
1886 530 2122 585 LIBER
2145 529 2192 587 Ι.
2325 535 2425 588 127

167 737 402 777 eorum
462 721 583 789 die,
648 722 733 778 ad
802 739 836 796 e
860 738 894 778 c
916 722 996 778 01
1020 738 1055 778 e
1080 740 1109 778 s
1134 722 1155 778 i
1179 739 1217 778 a
1240 739 1306 778 m
1372 721 1543 779 beati
1596 722 1766 778 Petri
1825 722 2093 795 apostoli
2150 721 2253 779 hic
2307 721 2424 778 Dei
2455 711 2688 805 chzagazae

166 808 465 866 famulus
518 809 1085 867 invitabatur&
1180 810 1348 868 Ubi
1408 827 1555 868 cum
1604 828 1671 867 se
1731 810 2082 867 mutuis
2143 827 2217 867 ac
2263 810 2423 884 paci·

166 898 319 955 ficis
368 900 778 956 satiassent
836 900 1391 974 colloquiis,
1439 899 1762 974 presul
1816 899 2196 973 apostolicus
2241 899 2423 956 illum

168 987 263 1044 de
320 988 608 1061 symbolo
670 988 1007 1063 fideique
1071 988 1616 1045 catholicae
1681 988 2018 1046 traditione
2074 988 2420 1062 inquisivit.

166 1076 306 1132 Ad
384 1077 607 1134 haec
683 1078 778 1133 vir
845 1077 963 1135 Dei
1030 1078 1386 1152 respondit,
1458 1077 1707 1134 dicens:
1781 1073 2072 1148 ‘Quia‚
2143 1063 2413 1134 domneb

167 1166 560 1243 apostolice,
629 1164 1303 1241 inquisitionie
1378 1169 1708 1223 tantae
1775 1155 1908 1223 in‘1
1974 1166 2424 1223 communi

169 1272 477 1312 sermone
534 1256 932 1312 idoneus
991 1272 1165 1312 non
1235 1273 1423 1313 sum
1491 1256 2104 1329 respondere,
2168 1272 2421 1329 quaem,

168 1347 259 1401 ut
316 1344 485 1413 fidei,
546 1362 805 1419 quam
863 1361 903 1401 a
970 1362 1095 1401 me
1164 1345 1467 1419 exigis
1496 1387 1509 1413 ,
1572 1343 2063 1402 conscribendae
2121 1341 2413 1419 tempus⁶

169 1433 345 1489 mihi
418 1433 727 1491 concedas
805 1434 1129 1508 sicque
1198 1434 1437 1490 mutis
1506 1436 1763 1490 tantum
1830 1434 2071 1489 literis
2149 1433 2423 1490 denu-

170 1521 493 1579 datam
569 1540 1083 1596 agnoscere
1158 1521 1539 1580 valeas’.
1676 1520 1949 1593 Quam
2024 1522 2420 1597 petitio-

170 1628 379 1667 nem
475 1599 922 1686 benignef
1005 1612 1557 1686 suscipiens
1650 1628 1882 1686 papa
1980 1610 2420 1678 concessit,

170 1717 658 1775 parvoque
720 1701 1060 1759 dehinc
1119 1706 1424 1776 tempore
1485 1703 2027 1768 transact0‚
2075 1700 2215 1755 vir
2261 1700 2421 1756 Do-

172 1790 395 1846 mini
461 1793 719 1847 sanctae
777 1793 1039 1865 atque
1100 1790 1606 1847 catholicae
1666 1789 1821 1847 fidei
1881 1789 2423 1846 sententiam

174 1878 427 1934 omni
517 1878 1245 1936 convenientiag
1326 1883 1413 1936 et
1503 1879 1884 1953 eloquentia
1957 1879 2424 1953 prolatam

172 1967 515 2024 literis
554 1968 814 2055 ‘prefato
868 1955 1189 2042 pontificih
1234 1968 1616 2025 obtulit.
1709 1970 1820 2024 At
1877 1967 2079 2035 ille,
2134 1967 2422 2024 lectis

175 2056 569 2113 eisdem¹
628 2057 1001 2127 literis,
1052 2075 1197 2114 eum
1251 2057 1515 2115 iuxta
1569 2074 1660 2113 se
1707 2044 2090 2114 consederek
2140 2056 2292 2113 fecit
2338 2059 2422 2123 et,

174 2148 257 2202 ut
310 2145 857 2203 huiusmodi
900 2146 1117 2203 fidem
1177 2149 1587 2204 constanter
1634 2147 2153 2213 retineret,
2204 2145 2424 2201 dili-

174 2238 521 2308 genter
575 2236 1061 2306 edoceret,
1110 2236 1551 2293 ammonuit.
1636 2235 2119 2309 Multaquoque
2166 2235 2244 2291 de
2290 2234 2422 2291 reli·

174 2323 369 2397 gione
447 2310 980 2397 spiritalis1
1061 2324 1319 2381 vitae
1395 2342 1587 2382 cum
1663 2324 1839 2381 illo
1915 2323 2419 2390 conferenS,

174 2412 272 2468 ita
340 2415 417 2468 ut
483 2412 958 2470 interdum
1026 2414 1500 2488 integrum
1567 2430 1728 2486 pene
1791 2413 1959 2469 diem
2012 2412 2423 2486 colloquendo

176 2500 507 2572 ducerent,
542 2502 621 2558 ad
662 2505 1035 2571 extremum,
1069 2506 1249 2576 quot
1292 2501 1559 2577 populim
1587 2519 1702 2575 per
1748 2502 1932 2559 devia
1976 2501 2421 2558 idolatriae

177 2608 221 2645 v
246 2591 331 2647 el
390 2590 745 2648 facinorum
804 2592 977 2666 prius
1035 2590 1439 2649 oberrantesn
1490 2591 1640 2647 fidei
1701 2592 2084 2648 documenta
2129 2606 2245 2646 sua
2292 2606 2421 2663 pre-

177 2679 499 2737 dicatione
542 2681 953 2756 perciperent,
1002 2681 1357 2737 sciscitatus
1404 2683 1521 2737 est.

397 2778 550 2857 (13).
631 2785 981 2861 Cumque
1042 2786 1582 2861 apostolico
1645 2786 1744 2843 de
1797 2786 1942 2842 his
1996 2784 2421 2843 omnibus

179 2874 865 2932 satisfecisset
963 2875 1665 2950 respondend0‚
1758 2877 1978 2932 tunc
2068 2874 2240 2930 ille
2331 2874 2421 2929 in-

178 2964 439 3020 timavit
514 2982 543 3019 s
568 2981 607 3021 a
630 2982 675 3020 n
698 2981 732 3021 c
755 2967 784 3020 t
807 2981 843 3022 o
934 2984 976 3021 v
998 2966 1021 3020 i
1043 2984 1074 3021 r
1098 2982 1133 3021 0
1162 3009 1175 3034 ,
1254 2966 1402 3040 quia
1478 2964 1877 3039 episcopatus
1954 2965 2223 3039 gradum
2301 2964 2420 3020 sibi

179 3054 505 3126 imponere
551 3054 876 3122 voluisset,
943 3052 1025 3111 ut
1076 3068 1155 3111 eo
1218 3048 1648 3111 constantius
1706 3050 2013 3111 errantes
2076 3046 2420 3129 quoslibet

180 3135 525 3218 corrigere
594 3138 665 3199 et
728 3138 818 3199 ad
881 3137 1064 3200 viam
1125 3136 1439 3201 veritatis
1507 3139 1904 3201 convertere
1970 3141 2219 3219 posset,
2287 3157 2420 3217 quo

181 3224 430 3287 maiori
477 3225 893 3289 auctoritate
942 3226 1360 3310 apostolicae
1394 3226 1758 3309 dignitatis
1797 3225 2185 3301 fulciretur,
2220 3228 2420 3289 esset-

182 3334 315 3395 que
367 3314 635 3377 cunctis
679 3318 879 3377 tanto
928 3315 1275 3397 acceptior
1319 3314 1390 3377 in
1438 3316 1843 3398 predicandi
1873 3314 2124 3391 officio,
2160 3316 2421 3396 quanto

181 3402 341 3486 plus
390 3401 817 3480 claresceret,
867 3404 1029 3485 quia
1076 3404 1163 3466 ad
1211 3405 1339 3466 hoc
1390 3423 1431 3465 a
1490 3404 1762 3487 presule
1823 3404 2183 3467 ordinatus
2242 3405 2421 3466 esset

181 3491 585 3573 apostolico.
694 3490 887 3570 Quae
945 3493 1176 3555 omnia
1235 3493 1339 3554 vir
1400 3492 1531 3556 Dei
1591 3494 1930 3576 sagaciter
1992 3492 2420 3576 perpendens

182 3579 525 3662 simulque
573 3601 822 3644 cavens
869 3581 1053 3663 quod
1100 3581 1430 3665 scriptum
1494 3585 1629 3645 est:
1706 3580 1829 3662 Qui
1882 3579 2088 3644 nol-uit
2145 3578 2419 3643 benedic·
2439 3604 2510 3646 12⁸.
2525 3604 2618 3653 108,
2636 3605 2702 3643 18.

180 3667 432 3749 tionem,
481 3674 575 3732 et⁰
622 3669 1019 3751 elonyabitur
1064 3670 1144 3733 ab
1190 3689 1276 3750 e0‚
1319 3677 1359 3733 b
1385 3693 1419 3732 e
1443 3695 1486 3732 n
1510 3694 1544 3733 e
1570 3678 1611 3733 d
1635 3677 1657 3732 i
1681 3694 1714 3733 c
1737 3678 1869 3733 tio
1893 3677 1982 3732 ni
2006 3694 2036 3731 s
2091 3679 2121 3732 t
2143 3694 2180 3732 a
2204 3694 2248 3732 n
2271 3679 2300 3731 t
2323 3693 2361 3731 a
2386 3692 2419 3731 e

181 3764 630 3838 gratiaml'
697 3781 871 3822 non
930 3766 1440 3822 recusavit.
1546 3766 2143 3823 Adveniente
2207 3780 2419 3839 ergo

182 3853 597 3909 ordinationis
659 3871 693 3910 e
717 3855 739 3909 i
763 3872 807 3910 u
832 3872 861 3910 s
932 3854 997 3910 di
1020 3871 1054 3911 e
1082 3898 1095 3923 ‚
1168 3872 1206 3929 q
1234 3873 1273 3910 u
1298 3872 1336 3911 a
1360 3872 1394 3911 e
1464 3872 1497 3911 e
1523 3874 1552 3911 r
1576 3872 1616 3910 a
1639 3858 1668 3911 t
1727 3857 1925 3929 pridie
1985 3854 2419 3911 Kalendarum

178 3942 646 4011 Decembrium,
694 3943 739 3999 h
754 3960 789 3999 0
806 3960 839 4000 0
885 3946 985 3999 est
1029 3943 1109 3999 in
1154 3944 1367 4000 natali
1415 3945 1618 4000 sancti
1656 3942 1992 4002 Andreaeq
2033 3961 2070 4000 a
2085 3963 2126 4018 p
2140 3961 2175 4001 0
2192 3962 2221 4000 s
2237 3947 2266 3999 t
2281 3943 2417 4011 oli,

397 4154 499 4197 VII.
554 4156 688 4203 Gapp.
716 4155 782 4194 12.
814 4155 879 4194 13.
938 4157 976 4195 1.
1008 4155 1188 4195 2a.b.c.

179 4260 224 4312 a)
254 4260 478 4299 invitatur
505 4261 573 4299 212.
672 4262 721 4309 b)
746 4259 832 4300 diie
852 4262 904 4300 21>
931 4273 1026 4300 cum
1050 4262 1164 4300 Wizl.
1266 4261 1308 4312 c)
1334 4273 1449 4303 corr.
1467 4272 1520 4300 ex
1538 4263 1829 4311 inquisitione
1851 4265 1888 4301 1.
1910 4263 1978 4304 2α.
2078 4262 2122 4313 (1)
2140 4274 2352 4311 superscr.
2379 4265 2415 4301 1.

180 4314 225 4363 e)
261 4315 461 4351 columna
488 4325 555 4352 ex.
585 4326 642 4354 m.
674 4316 732 4356 al.
760 4316 862 4353 add.
895 4317 931 4357 1.
1068 4314 1101 4365 t)
1137 4317 1200 4353 ita
1228 4317 1275 4366 13
1315 4322 1402 4363 pet.
1432 4327 1531 4354 cum
1568 4327 1688 4364 papa
1725 4318 1826 4355 ben.
1858 4318 2106 4365 susciperet
2142 4322 2277 4364 atque
2316 4328 2419 4355 con-

180 4367 379 4415 cederet,
415 4378 555 4415 parvo
584 4368 747 4407 dehinc
774 4369 871 4407 rell.
1036 4369 1079 4419 g)
1120 4369 1440 4407 convenientia
1474 4372 1513 4418 1,
1551 4380 1662 4411 corr.
1824 4370 1872 4419 h)
1911 4370 1974 4407 ita
2002 4372 2053 4420 13
2091 4370 2283 4419 principi
2321 4371 2415 4408 rell.

181 4421 213 4469 i)
244 4420 445 4459 eiusdem
472 4421 543 4469 2a,
571 4432 685 4460 corr.
796 4422 843 4471 k)
874 4422 1106 4461 considere
1126 4433 1203 4468 pr.
1233 4433 1291 4459 m.
1322 4423 1388 4465 2a.
1404 4422 1442 4461 b.
1554 4423 1586 4473 l)
1624 4434 1682 4465 m.
1713 4424 1771 4463 al.
1803 4434 1916 4462 corr.
1949 4424 2192 4471 spiritualis
2223 4427 2260 4471 1,
2291 4428 2329 4461 et
2359 4425 2419 4461 ita

181 4474 275 4513 rell.
379 4474 440 4525 m)
469 4485 594 4512 versu
622 4485 689 4515 ex.
721 4486 804 4515 om.
838 4477 901 4514 ⁶2⁶.
1012 4475 1059 4525 n)
1089 4476 1374 4514 obsecrantes
1403 4478 1441 4525 1,
1471 4486 1585 4515 corr.
1697 4476 1740 4527 o)
1769 4477 1831 4514 ita
1861 4480 1882 4515 1
1911 4487 2005 4515 cum
2028 4477 2178 4525 Vulq.;
2207 4488 2290 4516 om.
2321 4478 2416 4516 rell.

182 4529 225 4577 p)
255 4528 401 4576 gratie
432 4531 471 4577 1,
504 4538 617 4567 corr.
728 4530 773 4581 q)
803 4527 983 4569 Andere
1013 4530 1073 4567 2ο.
