3167 5192
679 463 875 521 LXVI
1567 463 2031 520 PRAEFATIO.

681 649 1001 732 exemplar
1045 647 1184 712 eius
1227 645 1609 712 collectionis
1660 667 1821 728 quae
1884 645 2139 711 ‘minor’
2162 646 2186 686 1
2232 644 2487 711 dicitur.
2580 645 2929 712 Rationem

681 757 821 802 cum
903 735 1222 802 codicibus
1299 735 1719 820 epistularum
1792 735 2179 801 Monacensi
2247 733 2653 816 (Du’mmlero
2728 734 2798 816 1)
2868 741 2933 800 et

690 825 1144 892 C'arlsruhensi
1177 821 1274 908 (2)
1323 831 1381 889 et
1425 846 1564 890 cum
1602 823 1805 889 tribus
1834 823 1961 890 sibi
1992 823 2312 904 affinibus
2341 825 2927 906 MontepessulanO,

696 913 1026 996 Vaticano,
1067 914 1295 980 Veneto
1329 909 1467 992 (4a.
1501 914 1559 978 b.
1592 911 1657 994 c)
1704 912 2185 979 intercedentem
2229 935 2263 977 e
2306 913 2523 978 tabula
2568 911 2933 994 insequenti

682 1002 965 1086 intelleyi
1009 1002 1188 1068 licet:

383 1161 897 1246 Mwwmnm‚
969 1197 1240 1251 1612-
1291 1197 1357 1250 17
1397 1197 1466 1251 1s
1503 1197 1572 1250 19
1608 1198 1680 1250 25
1714 1195 2867 1250 212428—-4243442645-—
2932 1196 3123 1250 5052

469 1355 809 1408 Monacensis
973 1356 1039 1410 16
1079 1357 1146 1411 12
1179 1341 2867 1435 —Q2426424344—45--
2910 1340 3139 1434 Q

365 1585 380 1598 .
437 1516 848 1568 carcerum
955 1479 1006 1529 Τ
1002 1479 1254 1602 ζῇζζζῗα
1291 1516 1359 1569 17
1399 1516 1467 1569 18
1567 1513 1808 1581 Quinque
1848 1515 1990 1578 roua
2038 1515 2228 1566 desunt
2320 1515 2393 1567 43
2418 1514 2491 1567 44
2514 1514 2679 1567 2645
2704 1515 2775 1567 24
2798 1543 2873 1552 —
2936 1515 3015 1568 50
3050 1515 3118 1567 52

562 1676 716 1729 otloh
970 1671 3120 1730 12162017181925'21—28——424344—-45—56250—

371 1871 1004 1952 Vaticanus,Venems—

472 1995 810 2048 Monacensis
951 1979 3113 2074 '‘15368598261607780——868788891—{51—5857—-

439 2155 846 2209 earzsruhmis
971 2153 2859 2210 5168598261607780--86878889—835857
2934 2184 3111 2192 --

564 2315 720 2368 ouon
971 2317 1038 2370 51
1079 2317 1148 2370 68
1187 2315 1257 2369 59
1292 2315 1364 2369 82
1401 2315 1466 2369 61
1507 2315 1576 2368 6ο
1616 2316 1681 2368 77
1719 2299 2881 2392 SOQ———Ti-—TJ
2936 2343 3011 2351 —
3045 2344 3111 2353 —

695 2495 946 2562 Codicis
1002 2491 1491 2560 Garlsruhensis
1535 2492 1701 2572 folia
1748 2491 2073 2574 deperdita
2120 2494 2369 2557 easdem
2426 2491 2727 2574 epistulas
2786 2514 2928 2558 con-

684 2583 950 2650 tinuisse
965 2635 983 2665 ,
1068 2603 1228 2666 quae
1308 2581 1445 2647 suis
1519 2581 1675 2647 locis
1742 2583 1919 2662 apud
1992 2580 2283 2646 Otlohum
2350 2582 2644 2663 leyuntur
2660 2582 2701 2662 3,
2786 2582 2929 2662 fere

683 2679 918 2739 certum
948 2679 1056 2754 est,
1095 2678 1278 2754 atque
1317 2670 1510 2736 etiam
1555 2669 1827 2752 epistula
1860 2676 1963 2734 20.
2012 2691 2184 2734 nunc
2229 2671 2309 2734 ab
2338 2670 2453 2735 hoc
2498 2670 2628 2734 solo
2671 2677 2929 2736 servata

683 2761 1040 2844 antiquitus
1106 2761 1180 2826 in
1237 2760 1349 2824 illo
1408 2779 1648 2842 quoque
1716 2758 1923 2824 codice
1978 2757 2257 2824 ecctitisse
2314 2757 2565 2823 videtur
2581 2760 2624 2839 4,
2694 2758 2823 2823 ita·
2858 2766 2933 2824 ut

682 2851 878 2916 series
946 2849 1155 2915 Otlohi
1211 2869 1403 2930 quam
1468 2847 1746 2912 maxime
1814 2850 1903 2913 ad
1967 2847 2133 2913 hunc
2200 2849 2473 2913 accedat.
2588 2846 2929 2929 Epistulas

685 2939 935 3021 quidem
986 2945 1087 3003 16.
1149 2944 1208 3002 et
1256 2943 1358 3002 12.
1419 2937 1707 3002 ordinem
1766 2957 1979 3002 rerum
2035 2943 2357 3017 ¹qestarum
2414 2942 2660 3001 secutus
2717 2943 2927 3002 trans-

669 3027 892 3111 posuit
963 3034 1147 3108 atque
1221 3028 1470 3091 decreta
1544 3025 1799 3090 concilii
1874 3025 2041 3106 quod
2104 3024 2343 3090 dicitur
2419 3023 2797 3090 Germanici
2870 3033 2931 3091 et
3155 3047 3161 3090 ι

683 3115 1075 3195 Liftinensis
1145 3111 1348 3197 (epist.
1420 3112 1533 3196 56)
1613 3135 1681 3178 eo
1750 3114 1879 3179 loco
1945 3113 2249 3195 inseruit,
2326 3133 2447 3195 quo
2512 3112 2928 3180 Willibaldus

684 3203 990 3270 eiusmodi
1031 3201 1451 3270 Carlomanni
1480 3203 1698 3268 studia
1728 3207 2113 3267 tractaverat
2123 3223 2149 3283 ,·
2186 3202 2453 3284 denique
2482 3201 2784 3284 epistulas
2816 3209 2925 3268 57.

685 3300 745 3359 et
788 3299 894 3358 58.
955 3293 1228 3373 fortasse
1287 3313 1364 3357 ea
1409 3292 1485 3356 de
1531 3312 1727 3357 causa
1772 3291 1849 3356 in
1893 3292 2095 3357 locum
2152 3291 2539 3356 anteriorem
2586 3291 2925 3373 promovit,

688 3523 740 3589 1)
777 3523 862 3586 Cf.
903 3521 1062 3587 Jaffe'
1084 3539 1144 3588 p.
1176 3523 1228 3586 8,
1267 3521 1552 3572 Mmmler
1578 3535 1639 3585 p.
1677 3519 1821 3581 215,·
1863 3520 2119 3585 inprimis
2152 3535 2215 3570 ea
2251 3535 2384 3584 quae
2420 3518 2492 3572 H.
2530 3518 2716 3585 Halm,
2754 3519 2927 3571 ‘Noch

683 3594 882 3645 einmal
914 3595 997 3646 die
1021 3593 1205 3656 Briefe
1228 3592 1341 3642 und
1365 3591 1612 3656 Synoden
1634 3591 1725 3641 des
1751 3590 2013 3654 Bonifaz’
2040 3588 2469 3656 (‘Forschunyen
2498 3606 2603 3640 zur
2626 3591 2926 3642 Deutschen
3152 3599 3161 3648 2

689 3663 1014 3716 Geschichte’
1039 3663 1168 3726 XV,
1195 3665 1353 3728 1875,
1386 3680 1443 3730 p.
1476 3664 1544 3718 97
1563 3665 1702 3728 sqq.)
1726 3661 1996 3724 disseruit,
2019 3663 2179 3712 etiam
2206 3659 2385 3713 Otlohi
2415 3662 2680 3712 rationem
2704 3661 2929 3727 hahens,

685 3738 786 3787 etsi
829 3735 1090 3787 nonnulla
1143 3735 1216 3786 ad
1263 3735 1540 3786 editionem
1592 3733 1949 3800 epistularum
1998 3733 2340 3784 novissimam
2390 3732 2729 3784 immutanda
2776 3739 2929 3788 sunt.

686 3808 741 3874 2)
797 3806 1052 3874 Epistula
1089 3806 1174 3861 56.
1224 3808 1284 3856 in
1327 3805 1590 3856 codicibus
1641 3806 1688 3858 1.
1734 3806 1784 3857 2.
1821 3805 1908 3856 4a.
1936 3803 1981 3856 h.
2007 3819 2033 3852 c
2083 3803 2251 3854 locum
2293 3806 2641 3871 posteriorem
2688 3809 2930 3871 occupat.

685 3878 741 3944 3)
765 3873 953 3928 Etiam
966 3878 1034 3931 A.
1049 3876 1267 3942 Holder,
1291 3876 1411 3927 ‘Die
1423 3875 1551 3929 Hss.
1564 3875 1663 3926 der
1680 3873 2077 3938 G'rossherzoyl.
2094 3874 2393 3925 Badischen
2405 3874 2543 3938 Hos·-
2555 3875 2668 3925 und
2680 3874 2933 3926 Laudes-

685 3948 965 4001 bibliothelc
989 3949 1051 3999 in
1074 3946 1408 3998 Karlsruhe’
1427 3946 1543 4012 III,
1571 3947 1728 4012 1895,
1756 3962 1815 4012 p.
1843 3947 1948 4000 102
1962 3961 2058 4010 sq„
2090 3945 2228 3996 idem
2253 3945 2367 4008 fere
2390 3947 2595 3999 statuit.
2702 3944 2759 4013 4)
2788 3945 2930 3997 Cum
3150 3955 3161 4004 ι

683 4023 894 4072 circiter
912 4022 982 4074 34
999 4033 1184 4070 versus
1202 4019 1448 4070 editionis
1465 4017 1907 4068 Dummlerianae
1926 4021 2002 4083 (p.
2018 4018 2139 4081 300,
2162 4017 2365 4075 2—36)
2383 4017 2521 4080 folia
2538 4016 2754 4082 sinyula
2773 4031 2929 4067 occu-

676 4105 840 4160 passe
872 4091 1171 4154 videantur,
1207 4090 1342 4154 folia
1377 4091 1490 4140 tria
1517 4089 1726 4154 prima,
1765 4089 1817 4138 si
1848 4086 1993 4138 nihil
2012 4089 2393 4138 continuissent
2412 4089 2525 4138 nisi
2547 4087 2810 4154 epistulas
2837 4090 2928 4143 16.

683 4167 732 4215 et
768 4164 853 4218 12.
891 4166 938 4212 et
965 4167 1180 4230 partem
1216 4162 1472 4212 maiorem
1512 4161 1575 4213 17
1615 4158 1841 4225 (Holder
1865 4173 1927 4223 p.
1968 4159 2110 4224 102),
2148 4175 2191 4213 c.
2218 4161 2287 4212 75
2323 4164 2533 4210 tantum
2567 4173 2751 4210 versus
2784 4173 2929 4210 com-

676 4233 1098 4299 prehendissent,
1133 4234 1216 4283 ita
1250 4237 1311 4282 ut
1345 4231 1562 4296 sinyula
1598 4244 1640 4284 c.
1666 4230 1738 4283 25
1773 4244 2023 4280 versuum
2048 4231 2287 4293 fuissent.
2350 4230 2553 4280 Addita
2576 4230 2807 4296 epistula
2829 4233 2924 4297 20,

683 4307 782 4371 qui
815 4306 886 4359 14
933 4319 1117 4356 versus
1165 4303 1407 4368 continet,
1457 4301 1690 4366 sinyulis
1737 4301 1807 4353 30
1856 4300 1972 4362 fere
2018 4300 2412 4366 attribuuntur,
2455 4303 2741 4366 pauciores
2788 4317 2929 4354 sane
3150 4309 3161 4354 1

685 4391 846 4440 quam
907 4391 1038 4442 quos
1094 4390 1266 4440 supra
1320 4373 1728 4438 computaverim
1742 4385 1765 4433 ,⁰
1822 4371 1913 4421 sed
1967 4373 2178 4438 payina
2221 4373 2411 4438 prima
2465 4372 2697 4435 sonasse
2747 4387 2929 4424 vacua

684 4447 872 4498 relicta
907 4453 1025 4498 erat
1059 4450 1156 4496 aut
1181 4445 1661 4512 praescriptionem
1698 4442 1888 4494 litteris
1923 4441 2222 4494 maioribus
2257 4449 2543 4494 etz-aratam
2578 4441 2797 4507 ferebat.
