3167 5192
709 497 815 551 170
932 492 1175 549 VITAE
1210 491 1614 548 BONIFATII
1649 491 2010 548 AUCTORE
2046 492 2353 549 OTLOHO
2389 492 2626 548 LIBER
2648 492 2732 549 11.

464 701 603 751 upa-e.
618 702 689 742 59.
710 700 749 741 a
762 682 803 740 d
858 686 1109 741 vestrum
1152 686 1411 741 sanctum
1454 682 1852 755 apostolatum,
1901 700 2016 756 pre
2073 683 2196 741 vel‘o
2253 686 2339 740 est
2390 688 2445 741 et
2491 682 2643 756 petit
2697 681 2944 757 inqredi.

716 771 871 848 Quid
904 769 1250 845 precipitis⁸
1263 770 1317 828 ΞΡ
1393 768 1633 829 Dictum
1676 775 1788 829 est.-
1837 768 2279 845 ‘Inyrediatur'2
2364 769 2611 845 Cumque
2655 771 2952 845 inyressus

711 860 936 930 fuisset,
983 859 1309 919 Zacharias
1352 846 1785 918 sanctissimusb
1829 878 1998 934 papa
2041 859 2306 919 sanctae⁰
2346 858 2466 918 Dei
2509 860 2822 919 catholicae
2867 865 2948 917 at-

710 967 817 1023 que
860 948 1202 1022 apostolicae
1243 948 1407 1007 urbis
1450 946 1710 1007 Romae⁰
1749 947 1936 1007 dixit.-
1975 946 2142 1007 ‘Ante
2185 948 2288 1007 lios
2315 949 2438 1009 dies
2481 949 2768 1008 literas
2797 967 2950 1007 reve·

709 1037 1025 1096 rentissimi
1082 1036 1300 1109 fratris
1354 1037 1541 1095 nostri
1595 1036 1904 1108 Bonifacii
1961 1037 2375 1111 archiepiscopi
2439 1038 2601 1096 nobis
2657 1037 2948 1105 detulisti,
2989 1054 3022 1093 5

700 1144 815 1200 per
880 1144 1025 1201 quas
1090 1126 1282 1194 nobis,
1351 1144 1497 1200 quae
1562 1130 1844 1199 oportuna
1909 1125 1964 1185 ei
2029 1126 2157 1184 visa
2226 1128 2577 1197 fuerant,
2645 1126 2948 1184 indicavit.

717 1214 871 1292 Quid
914 1232 1047 1289 eryo
1090 1215 1273 1273 denuo
1316 1215 1531 1273 nostris
1572 1215 1900 1273 secretariis
1944 1219 1996 1273 te
2045 1205 2314 1289 inqredid
2355 1215 2668 1289 postulasti
2683 1214 2736 1273 :2⁹
2834 1214 2958 1273 De-

709 1302 999 1363 neardus⁰
1076 1303 1376 1378 reliyiosus
1438 1303 1730 1377 presbiter
1795 1303 1984 1362 diaeit:
2056 1302 2324 1363 ‘Domine
2390 1304 2504 1373 mi,
2573 1304 2712 1363 dum
2780 1304 2954 1362 iuoeta

712 1410 834 1450 ves
848 1393 955 1451 tri
999 1392 1351 1467 apostolatus
1384 1396 1745 1466 preceptum
1775 1392 2039 1451 dominus
2067 1411 2224 1451 meus
2252 1392 2600 1465 Bonifatius
2629 1392 2949 1467 episcopus,

713 1482 975 1553 famulus
1007 1481 1249 1556 pietatis
1292 1485 1533 1549 vestrae,
1580 1481 1646 1539 in
1678 1481 1990 1555 provincia
2017 1481 2384 1541 Francorum
2429 1481 2708 1555 synodum
2752 1499 2950 1556 aqyre-
2993 1498 3046 1537 10

711 1588 835 1645 yar
848 1575 917 1629 et
957 1574 1012 1629 et
1052 1570 1359 1645 reperisset
1400 1570 1525 1628 illic
1569 1570 1756 1641 falsos
1799 1570 2134 1640 sacerdotes,
2181 1570 2453 1629 hereticos
2497 1575 2552 1629 et
2575 1570 2951 1638 scismaticos,

712 1659 777 1717 id
819 1664 903 1718 est
942 1657 1310 1717 Aldebertum
1324 1646 1350 1689 f
1403 1658 1499 1717 etg
1538 1656 1890 1727 Clementem,
1937 1659 2252 1719 sacerdotio
2299 1647 2592 1733 privansh
2644 1678 2766 1718 una
2825 1678 2956 1718 cum

702 1748 1071 1822 principibus
1120 1747 1488 1807 Francorum
1546 1748 1772 1806 retrudi
1829 1748 1971 1819 fecit
2023 1749 2086 1806 in
2145 1748 2476 1807 custodiam.
2584 1748 2701 1807 Illi
2759 1753 2956 1806 autem

712 1855 827 1895 non
868 1837 931 1895 in
966 1836 1285 1917 penitentia
1328 1837 1553 1911 deyunt,
1601 1842 1668 1895 ut
1707 1836 2022 1895 iudicatum
2068 1842 2167 1905 est,
2214 1836 2314 1895 sed
2357 1856 2386 1895 e
2431 1836 2723 1896 contrario
2763 1837 2955 1895 adhuc

704 1925 986 1999 populum
1043 1926 1329 1984 seducunt.
1431 1926 1555 1985 Pro
1614 1943 1724 1999 quo
1781 1930 1836 1983 et
1889 1926 2038 1985 hanc
2093 1926 2390 1999 epistolam
2437 1926 2672 2000 prefati
2729 1925 2956 1984 domini
2995 1940 3045 1981 ιο

715 2014 844 2082 mei,
891 2032 1063 2088 quam
1107 2014 1372 2073 manibus
1414 2032 1567 2089 yero,
1616 2019 1802 2073 vestro
1845 2018 2039 2073 sancto
2084 2015 2430 2088 apostolatui
2475 2015 2686 2073 missus
2743 2014 2952 2089 offer0,

713 2107 780 2161 ut
832 2120 958 2161 eam
972 2090 993 2133 ¹
1060 2120 1253 2163 coram
1311 2108 1504 2161 sancto
1564 2104 1801 2162 concilio
1867 2092 2084 2178 releqik
2149 2104 2406 2175 faciatis'
2416 2150 2428 2163 .
2535 2102 2776 2162 Dictum
2835 2108 2955 2162 est:

716 2189 1103 2265 ‘Suscipiatur
1148 2192 1389 2265 epistola
1439 2196 1494 2249 et
1548 2210 1744 2251 coram
1799 2197 2000 2251 nostra
2013 2181 2034 2223 ¹
2081 2192 2382 2267 presentia
2438 2192 2774 2267 relcqatur'.
2872 2192 2962 2250 Et

714 2279 997 2353 accipiens
1047 2280 1446 2354 Theophanius
1488 2281 1753 2340 notarius
1799 2280 2158 2356 reqionarius
2202 2286 2257 2339 et
2297 2281 2717 2340 saccellariusIn
2752 2281 2961 2355 releyit

712 2368 775 2427 in
818 2368 911 2427 his
952 2369 1335 2429 sermonibus:
2995 2385 3047 2425 20

930 2457 1445 2517 ‘Excellentissimo
1493 2459 1665 2532 patri
1722 2464 1886 2534 atque
1945 2459 2252 2533 apostolico
2300 2456 2567 2533 pontifici
2623 2458 2957 2517 Zachariae

703 2547 941 2622 papae¹¹
999 2546 1345 2618 Bonifatius
1411 2548 1653 2622 eaeiyuus
1713 2567 1914 2607 servus
1978 2566 2274 2607 servorum
2330 2546 2449 2606 Dei
2515 2547 2822 2621 optabilem
2889 2548 2956 2605 in

718 2633 945 2695 Christo
989 2636 1254 2695 caritatis
1296 2637 1554 2696 salutem.

926 2725 1239 2799 Postquam
1284 2744 1372 2783 me
1416 2730 1547 2784 ante
1592 2743 1774 2785 annos
1817 2725 2043 2801 prope⁰
2090 2726 2286 2784 XXX
2339 2726 2482 2784 subl’
2539 2725 2955 2796 familiaritate

714 2819 769 2871 et
838 2814 1073 2873 servitio
1146 2814 1487 2888 apostolicae
1561 2815 1745 2885 sedis,
1823 2818 2102 2873 annuente
2175 2819 2231 2872 et
2299 2814 2520 2873 iubente
2593 2814 2955 2872 venerandae
2993 2828 3044 2869 25

713 2903 1018 2961 memoriae
1062 2902 1317 2961 antistite
1360 2904 1670 2977 apostolico
1719 2903 1998 2978 Greyorio
2059 2903 2365 2972 anteriore,
2421 2907 2550 2962 voto
2605 2902 2948 2971 constrincti,

713 2990 980 3064 quicquid
1022 2991 1165 3049 mihi
1210 2992 1468 3050 laeticiae
1511 2993 1601 3051 vel
1645 2991 1922 3051 tristiciae
1967 2991 2321 3061 acciderat‘l,
2353 2992 2662 3066 apostolico
2682 2990 2952 3091 pontifici

688 3079 959 3137 ‘solebam
1018 3079 1305 3149 indicare,
1364 3085 1431 3139 ut
1484 3080 1549 3139 in
1607 3081 1776 3140 laetis
1832 3081 2006 3140 simul
2064 3081 2473 3139 laudaremus‘
2525 3078 2718 3139 Deum
2778 3085 2834 3139 et
2889 3080 2990 3139 in·

715 3168 977 3227 tristibus
1021 3168 1186 3227 eiusg
1222 3169 1457 3228 consilio
1499 3170 1828 3229 roborarer.
1923 3169 2024 3228 Ita
2067 3174 2122 3229 et
2162 3188 2310 3228 nunc
2353 3169 2498 3227 milii
2540 3168 2737 3227 ‘vobis‘
2783 3168 2953 3227 liceat

714 3257 1101 3325 indicare,
1138 3276 1435 3331 precor,
1468 3259 1619 3317 sicut
1650 3259 1928 3333 scriptum
1957 3263 2071 3317 est.-
2107 3259 2433 3335 Interroga
2462 3262 2710 3333 patrem
2741 3262 2951 3327 tuum,
2991 3272 3040 3312 io

714 3350 779 3404 et
825 3347 1233 3405 annuntiabit
1276 3348 1425 3417 tibi;
1476 3350 1752 3407 seniores
1799 3352 1963 3419 tuoe,
2013 3353 2078 3405 et,
2123 3349 2339 3406 dicent
2383 3348 2517 3405 tibi.

926 3435 1141 3494 Notum
1186 3436 1336 3495 enim
1380 3436 1459 3495 sit
1489 3436 1838 3511 paternitati
1881 3441 2119 3505 vestrae,
2167 3436 2324 3510 quia,
2361 3440 2670 3509 postquam
2715 3435 2956 3511 indiyno

712 3524 856 3583 milii
899 3524 1218 3583 mandastis
1261 3525 1326 3583 in
1359 3525 1674 3599 provincia
1712 3525 2097 3593 Francorum,
2160 3526 2308 3583 sicut
2362 3529 2417 3583 et
2472 3524 2590 3598 ipsi
2649 3529 2953 3599 roqarunt,

711 3613 1054 3671 sacerdotali
1097 3613 1333 3673 concilio
1378 3618 1433 3672 et
1473 3613 1738 3687 synodali
1781 3614 2075 3673 conventui
2108 3632 2340 3688 preesse
2355 3604 2375 3645 t
2389 3659 2408 3681 ,
2455 3613 2668 3671 multas
2696 3612 2956 3672 iniurias

713 3706 768 3759 et
812 3701 1233 3775 persecutiones
1280 3720 1496 3776 passus
1552 3720 1679 3761 sum
1736 3703 1997 3776 semperu
2057 3721 2096 3761 a
2155 3702 2330 3773 falsis
2389 3701 2808 3770 sacerdotibus,
2881 3703 2955 3760 ab
2989 3714 3034 3754 3⁶

713 3789 1055 3849 adulteratis
1086 3791 1431 3864 presbiteris
1474 3810 1573 3850 seu
1619 3791 1950 3850 diaconibus
1995 3796 2050 3850 et
2093 3790 2437 3863 fornicariis
2489 3790 2730 3850 clericis.

924 3878 1230 3938 Maximus
1296 3885 1482 3939 tamen
1548 3880 1693 3939 milii
1758 3880 1922 3939 labor
1988 3899 2017 3938 e
2031 3898 2060 3938 s
2076 3881 2138 3939 tV
2205 3884 2406 3939 contra
2470 3879 2614 3938 duos
2678 3879 2956 3937 hereticos

701 3968 985 4042 pessimos
1058 3968 1158 4027 etW
1214 3968 1479 4042 publicos
1552 3974 1608 4027 et
1679 3969 2032 4043 blasphemos
2106 3973 2304 4029 contra
2372 3967 2564 4027 Deum
2632 3973 2687 4026 et
2751 3972 2954 4026 contra

924 4136 1031 4178 VII
1082 4136 1187 4186 Get-p
1216 4136 1569 4179 4.1.2a.2›.c.

839 4225 979 4274 ecsipi
1007 4225 1068 4265 20.
1179 4224 1275 4272 ωε
1253 4236 1359 4265 scau
1362 4230 1431 4265 tus
1462 4226 1628 4269 2a.b.c.
1737 4226 1778 4275 c)
1809 4230 1990 4264 sanctae
2017 4246 2070 4254 -
2096 4225 2267 4263 Romae
2295 4236 2379 4267 om.
2409 4224 2578 4267 2a.b.c.
2689 4221 2737 4274 d)
2765 4234 2849 4263 om.
2881 4223 2949 4262 2b.
2985 4224 3032 4263 40

712 4227 757 4332 ἓξ
782 4236 891 4319 goes
886 4276 1081 4319 ahardus
1110 4278 1215 4320 2b.c
1347 4279 1381 4326 i)
1410 4276 1706 4319 Adelbertum
1735 4278 1849 4321 2b.c.
1964 4278 2009 4330 g)
2038 4289 2122 4317 om.
2154 4280 2218 4320 2c.
2338 4277 2386 4326 h)
2414 4278 2620 4327 privasse
2647 4278 2710 4317 2ο.
2833 4277 2866 4324 i)
2895 4287 2953 4315 ea

703 4345 781 4381 pr.
809 4344 868 4372 m.
900 4334 959 4372 20.
1071 4331 1119 4383 k)
1147 4332 1189 4371 le
1164 4308 1246 4381 οέί
1267 4332 1322 4369 2ο
1325 4333 1396 4373 .b.
1412 4343 1449 4375 c.
1556 4333 1591 4384 1)
1610 4344 1679 4382 pr.
1701 4336 1858 4372 nostra
1876 4331 1942 4371 2b.
2045 4333 2103 4381 m)
2125 4332 2276 4374 sacen.
2303 4331 2434 4382 (corr.
2465 4340 2487 4369 e
2513 4331 2636 4371 scell.
2668 4329 2736 4381 20)
2765 4332 2835 4370 212.
2851 4330 2891 4369 b.
2909 4341 2947 4368 c.

712 4386 760 4437 n)
788 4388 895 4435 μαψ
898 4385 1017 4425 eBo
1020 4385 1069 4423 ni
1096 4387 1144 4424 in
1169 4395 1258 4425 ras.
1264 4384 1329 4435 )ta
1300 4386 1425 4425 acius
1454 4386 1519 4427 Ξῖ).
1685 4385 1728 4436 ο)
1765 4385 1887 4423 XXX
1923 4396 1992 4435 pr.
2024 4388 2064 4435 1,
2091 4396 2204 4427 corr.
2365 4385 2411 4434 p)
2447 4396 2506 4423 m.
2537 4385 2598 4423 al.
2628 4394 2842 4431 supet-scr.
2884 4384 2948 4421 20.

712 4442 758 4489 q)
788 4450 867 4479 aee
842 4439 943 4478 eide
945 4439 1006 4478 rit
1033 4438 1099 4477 21».
1238 4439 1277 4488 r)
1306 4436 1537 4479 laudarem
1566 4439 1634 4478 2b.
1761 4437 1800 4489 s)
1829 4437 1860 4476 l.
1891 4449 1935 4477 v.
1968 4438 2036 4478 2a.
2053 4439 2092 4479 b.
2111 4450 2147 4477 c.
2274 4438 2309 4489 t)
2336 4448 2565 4487 preessem
2593 4438 2662 4477 211.
2789 4436 2838 4488 u)
2866 4447 2950 4478 om.

711 4494 767 4531 2α
767 4493 871 4537 ..cb
994 4493 1042 4541 v)
1072 4502 1155 4531 om.
1186 4492 1225 4535 1.
1334 4495 1393 4542 w)
1424 4497 1470 4531 et
1495 4492 1622 4541 publ.
1649 4502 1734 4531 om.
1766 4492 1836 4531 2a.
1855 4492 1893 4531 b.
1916 4503 1951 4530 c.
2982 4490 3031 4529 46
