3167 5192
1183 499 1646 557 PRAEFATIO.
2329 499 2532 555 XXXI

259 680 540 761 yeneris
583 680 714 746 sive
757 702 886 746 uno
943 679 1075 747 sive
1119 680 1420 762 pluribus
1465 703 1606 747 oum
1657 689 1690 746 1
1738 681 2137 763 facientibus,
2197 687 2531 764 utrumque

267 768 651 834 convenisse
696 776 936 851 pateat.
1044 771 1266 852 Neque
1318 791 1468 835 vero
1519 777 1551 836 1
1614 770 1862 836 mendis
1920 771 2153 851 caret1,
2215 792 2248 834 e
2306 770 2532 852 quibus

267 877 327 920 e.
382 878 483 939 qr.
533 857 688 923 haee
729 857 971 936 afferre
1017 857 1199 924 libet:

397 969 446 1010 e.
489 952 545 1008 1.
609 954 741 1011 suis
802 971 1017 1012 secum
1076 954 1479 1011 adstantibus
1539 942 1777 1029 amicis]
1848 972 2063 1012 secum
2128 972 2236 1012 om.
2308 955 2375 1023 1;
2443 957 2525 1025 ef.

195 1061 229 1100 5
715 1061 764 1100 e.
822 1059 910 1116 yr.
981 1060 1028 1101 c.
1081 1041 1153 1100 4:
1226 1043 1356 1100 suis
1427 1059 1645 1100 secum
1706 1044 1977 1117 sumptis
2038 1043 2525 1111 conviatoribus,

719 1147 765 1188 c.
816 1130 887 1188 6:
939 1133 1136 1188 servis
1183 1131 1299 1189 Dei
1346 1149 1562 1189 secum
1608 1131 2044 1200 adstantibus3

397 1237 445 1276 c.
480 1217 544 1278 4.
609 1208 1010 1298 relinquerat]
1081 1219 1170 1278 ita
1235 1223 1384 1278 recte
1453 1219 1528 1277 212
1543 1241 1565 1292 ,·
1633 1220 2014 1295 relinqueret
2089 1219 2142 1276 1.
2218 1218 2290 1278 20
2304 1241 2326 1292 ;
2394 1221 2528 1277 reli-

717 1312 939 1382 querat
981 1308 1149 1380 rell.;

395 1413 444 1455 e.
482 1394 544 1454 5.
606 1398 777 1472 gregi
807 1397 1173 1471 praevidere
1193 1383 1650 1474 magisterium]
1676 1395 1766 1477 ita
1789 1393 1870 1454 2a
1892 1389 1988 1466 (m.
2012 1395 2090 1454 al.
2112 1395 2175 1455 in
2195 1391 2359 1468 ras.).
2384 1395 2435 1454 b.
2464 1396 2525 1453 4.

171 1505 234 1544 10
718 1484 814 1543 4a.
837 1502 886 1542 e.
905 1480 983 1543 0².
1011 1484 1109 1544 5a.
1127 1478 1202 1543 οῖ·
1221 1479 1262 1518 ²·
1283 1479 1309 1518 ⁸
1325 1505 1338 1554 ;
1374 1485 1749 1560 magistrum
1782 1484 1871 1543 20.
1892 1478 1979 1542 dl.
1996 1478 2070 1542 e1·
2092 1479 2131 1518 ³·
2150 1478 2197 1538 ⁴.
2225 1485 2263 1542 3
2289 1478 2523 1557 (corr.);

715 1574 918 1648 magis
955 1574 1024 1642 1;
1074 1575 1154 1643 ef.
1188 1591 1237 1631 e.
1274 1573 1346 1630 8:
1398 1574 1647 1648 populis
1693 1573 2006 1647 praevidit
2051 1575 2489 1648 magisterium
2508 1593 2520 1641 ;

431 1661 510 1720 ib.
608 1665 930 1720 senatores
977 1663 1248 1738 denique
1295 1662 1494 1737 plebis
1540 1662 1862 1736 totiusque
1907 1663 2122 1736 populi
2180 1650 2522 1738 principes]

713 1743 1076 1852 totius(que·
1089 1745 1226 1822 om.)
1278 1751 1344 1819 1;
1395 1752 1476 1820 cf.
1509 1768 1558 1808 c.
1596 1749 1666 1808 6:
1719 1751 1994 1807 seniores
2040 1751 2242 1825 plebis
2288 1751 2524 1826 populi-

713 1856 834 1914 que
878 1833 1215 1915 principes,
1285 1883 1292 1888 .

173 1946 236 1986 15
276 1926 472 2002 atque
518 1919 712 1986 etiam
755 1923 946 1986 verba
989 1921 1304 1986 nonnulla
1346 1919 1422 1985 in
1472 1927 1505 1986 l
1553 1919 1772 1986 minus
1816 1926 1978 1986 reete
2024 1920 2327 1986 ordinata
2357 1927 2521 2001 sunt,

277 2008 416 2073 sive
463 2007 775 2074 librarius
817 2029 888 2073 er
888 2030 926 2072 r
926 2009 1095 2074 avit:

397 2121 444 2162 e.
482 2103 542 2162 6.
605 2105 1012 2180 Exspectavit
1056 2105 1287 2180 quippe
1333 2092 1767 2182 nihilominus]
1818 2105 1889 2161 Ε.
1937 2123 2001 2161 n.
2036 2122 2140 2180 qu.
2196 2104 2265 2173 1;
2316 2105 2398 2175 cf.
2444 2104 2522 2162 ib.

713 2193 916 2264 infra:
961 2194 1284 2251 intimavit
1329 2195 1561 2269 quippe
1607 2195 1696 2262 ei;

396 2299 444 2339 e.
481 2281 543 2340 8.
605 2282 784 2358 eique
829 2282 1268 2350 hereditatem,
1316 2299 1507 2357 quam
1553 2309 1642 2318 ——
1688 2283 2089 2357 adquesierat
2141 2281 2373 2350 labore,
2434 2283 2521 2338 in-

175 2395 238 2433 20
710 2359 986 2446 plicavit]
1034 2371 1188 2445 inpl.
1235 2371 1277 2428 l.
1325 2371 1512 2446 adqn.
1569 2371 1627 2440 1,

277 2451 416 2516 sive
491 2451 768 2517 consulto
842 2451 1130 2516 ordinem
1202 2453 1532 2518 verborum
1605 2451 1994 2533 immutavit,
2069 2457 2142 2516 ut
2220 2452 2524 2517 vocabula

278 2540 708 2638 cohaerentia,
741 2561 900 2622 quae
927 2539 1356 2622 Willibaldus,
1381 2547 1454 2606 ut
1471 2542 1723 2622 solebat,
1749 2539 2134 2618 seiunxerat,
2161 2541 2250 2605 ad
2270 2560 2521 2604 sensum

279 2627 724 2711 eoniunqeret:

395 2741 443 2781 c.
480 2723 540 2782 5
601 2724 1086 2799 praedicationis
1132 2725 1404 2800 recipere
1452 2713 1693 2802 semen]
1742 2741 1834 2799 pr.
1885 2741 1933 2781 s.
1984 2740 2103 2782 rec.
2159 2722 2216 2779 1.
2268 2723 2340 2791 3,

178 2835 240 2874 25
431 2811 511 2870 ib.
605 2815 898 2870 aeternae
943 2813 1426 2887 praedicationis
1485 2813 1685 2872 reficit
1739 2801 1995 2890 pabulo]
2059 2812 2203 2887 pab.
2252 2815 2375 2869 aet.
2424 2829 2517 2886 pr.

712 2901 827 2958 res.
882 2902 950 2970 1;

397 3006 443 3046 c.
481 2988 542 3046 6.
602 2945 953 3064 Hugoberti
1005 2991 1184 3048 ducis
1243 2991 1404 3048 adiit
1464 2978 1687 3068 terras]
1750 2989 1831 3046 H.
1883 2991 1943 3047 d.
1992 2991 2193 3046 terras
2254 2988 2412 3046 adiit
2464 2989 2517 3046 1.

296 3070 482 3138 Unde
524 3069 716 3136 etiam
758 3070 982 3152 stirpis
1025 3070 1292 3137 alterius
1337 3070 1446 3156 (b)
1495 3071 1667 3138 ratio
1711 3071 2005 3137 habenda
2048 3076 2157 3136 est.

507 3161 690 3240 Quod
729 3161 921 3225 verba
980 3181 1032 3224 e.
1082 3166 1120 3223 8
1184 3159 1273 3244 (p.
1322 3165 1427 3242 41,
1481 3159 1592 3244 14)
1654 3162 1949 3245 primum
1998 3193 2085 3204 -—-
2131 3158 2524 3224 honorabili

183 3277 243 3316 30
280 3254 343 3312 et
398 3247 590 3327 infra
658 3242 748 3330 (p.
798 3254 905 3329 49,
957 3248 1070 3331 17)
1142 3252 1385 3314 contra
1441 3249 1870 3315 insensatum
1929 3268 2114 3314 suum
2181 3247 2382 3312 locum
2449 3245 2524 3312 in

281 3335 604 3401 codicibus
645 3357 778 3402 non
822 3343 1144 3436 occupant,
1191 3357 1331 3403 eum
1374 3339 1705 3403 verborum
1750 3335 2037 3402 ordinem
2086 3355 2325 3418 parum
2370 3355 2523 3400 com-

277 3445 534 3488 munem
579 3425 658 3489 ab
704 3431 958 3490 auctore
1001 3424 1141 3507 ipso
1184 3424 1542 3493 adhibitum
1586 3446 1717 3491 esse
1762 3445 1840 3491 ex
1870 3423 2182 3524 plurimis
2226 3423 2524 3505 estemplis

281 3513 634 3595 eolliyatur,
681 3511 922 3577 relictis
965 3511 1248 3612 vestiqiis
1276 3513 1618 3596 Iaffeanis,
1666 3520 1901 3580 textum
1942 3512 2279 3577 immutare
2323 3511 2521 3576 nolui.

281 3601 518 3666 Nescio
575 3621 667 3665 an
721 3600 1262 3683 praescriptiones
1329 3603 1607 3686 capitum
1672 3601 2075 3684 maryinibus
2142 3599 2524 3682 eoeemplaris

186 3717 242 3758 ³⁶
265 3688 656 3771 primiyenii
697 3688 1058 3771 adscriptae
1101 3690 1364 3773 fuerint,
1413 3712 1552 3758 eum
1598 3691 1818 3756 titulus
1863 3711 1915 3756 c.
1950 3697 2008 3755 6.
2059 3688 2318 3755 omnino
2364 3687 2527 3754 desit

277 3797 480 3860 neque
525 3777 822 3842 lemmata
866 3799 918 3842 e.
955 3785 1011 3844 7.
1062 3785 1120 3843 et
1167 3786 1228 3843 9.
1274 3779 1691 3846 inveniantur
1734 3778 1870 3844 nisi
1928 3778 2003 3844 in
2055 3777 2241 3843 libris
2288 3784 2348 3841 3.
2383 3782 2445 3840 4.
2481 3782 2519 3840 5

279 3863 368 3944 (c.
405 3867 498 3950 7),
547 3885 710 3948 quae
753 3867 844 3932 ad
885 3867 1204 3949 exemplar
1247 3889 1292 3933 a
1336 3867 1548 3934 redire
1592 3873 1925 3950 nequeunt.

507 3953 782 4036 Codices,
831 3953 943 4036 qui
986 3977 1031 4021 a
1077 3954 1238 4020 libro
1285 3957 1322 4021 b
1369 3955 1685 4040 oriyinem
1715 3958 2049 4036 dumerunt,
2098 3953 2261 4020 duas
2292 3954 2522 4019 classes

276 4041 593 4124 efficiunt,
642 4063 782 4108 cum
827 4042 1067 4109 codices
1098 4051 1158 4109 3.
1209 4049 1270 4108 4.
1320 4051 1380 4108 5.
1431 4051 1470 4109 6
1519 4065 1596 4110 ex
1639 4044 1772 4110 alio
1816 4043 2165 4126 eccemplari
2199 4044 2525 4125 pendeant

183 4159 243 4200 40
277 4137 466 4213 atque
499 4138 567 4200 2..
639 4130 828 4196 Illud
869 4130 1042 4196 enim
1085 4137 1144 4197 et
1185 4132 1396 4198 titulos
1441 4133 1769 4200 exhibebat
1810 4155 1862 4200 e.
1900 4140 1957 4197 ¹7.
2006 4138 2066 4198 et
2110 4139 2169 4197 9.
2203 4137 2261 4196 et
2290 4135 2521 4195 textum

263 4221 618 4302 praebebat
663 4220 868 4301 paulo
925 4219 1140 4286 minus
1198 4222 1562 4304 barbarum,
1634 4224 1747 4288 sed
1810 4221 1913 4288 hic
1980 4219 2115 4286 illie
2184 4216 2521 4300 empolitum

274 4313 806 4388 retractatumque
821 4328 843 4372 .·

278 4463 338 4531 1)
377 4463 464 4527 Cf.
501 4479 638 4532 quae
673 4464 874 4531 colleyit
909 4464 1279 4532 Narnberqer,
1315 4466 1729 4534 Disqut'sitiones
1769 4483 1824 4534 p.
1862 4464 1967 4519 IV.
