3167 5192
1157 463 1617 523 PRAEFATIO.
2280 466 2503 522 XLVII

249 646 565 714 Berolini
621 652 790 711 1863
851 653 911 712 et
967 645 1198 711 iterum
1242 646 1508 730 Lipsiae
1573 654 1784 729 1888,·
1842 649 1946 713 Μ.
1994 649 2098 713 Μ.
2143 647 2498 729 Wilden,

253 735 471 802 ‘Beda
515 737 623 800 des
652 734 1133 817 Ehrwiirdiyen
1163 735 1800 819 Kirchenyeschiclite
1845 740 1959 802 der
1986 737 2498 820 Anyelsachsen’,

255 823 660 906 Scafhusiae
724 831 914 906 1866,
970 846 1045 906 p.
1101 831 1494 907 317——360;
1553 827 1645 890 H.
1708 827 1781 892 J.
1844 827 2248 900 Mertens‚
2311 825 2501 891 ‘Eine

251 914 492 997 heiliye
567 912 1122 996 Ko’niysfamilie',
1199 913 1590 980 Ratisbonae
1670 921 1874 995 1875,
1941 937 2014 996 Ρ.
2100 921 2331 980 124-
2350 921 2497 980 175.

179 1027 210 1067 5
254 1004 356 1068 In
400 1002 690 1086 linquam
733 1002 1298 1084 Francoyallicam
1340 1003 1537 1067 vitam
1581 1003 1914 1070 transtulit
1941 1003 2009 1068 B
2024 1004 2214 1069 arth
2227 1007 2261 1068 e'
2274 1005 2297 1068 l
2311 1026 2417 1070 em
2428 1027 2497 1087 y,

257 1091 450 1158 ‘Vies
495 1094 570 1157 cle
618 1097 753 1156 tous
797 1093 886 1157 les
915 1091 1122 1155 saints
1150 1093 1226 1156 de
1255 1091 1533 1158 France'
1568 1092 1704 1173 IX,
1760 1099 1948 1173 1868,
1989 1115 2056 1174 Ρ.
2087 1099 2432 1158 706—745
2456 1095 2497 1156 1.

1332 1286 1437 1351 II.

778 1410 1484 1494 Martyroloyium
1545 1412 1984 1477 Fuldense.

475 1537 695 1602 Fulda
769 1535 1250 1616 monasterium,
1341 1535 1418 1600 in
1491 1556 1611 1617 quo
1686 1535 2071 1614 Bonifatius
2145 1537 2500 1618 sepulturae

156 1647 216 1686 10
257 1628 450 1692 datus
496 1633 603 1706 est,
651 1625 818 1690 vitae
862 1625 1069 1690 sancti
1113 1631 1431 1690 auctorem
1477 1631 1625 1690 ante
1671 1623 1961 1690 Otlohum
2006 1625 2153 1690 tulit
2194 1626 2439 1690 nullum
2456 1627 2497 1706 ²,

255 1714 677 1796 monachique
721 1713 882 1779 satis
927 1714 1283 1779 habuerunt
1322 1719 1500 1796 qesta
1554 1713 1861 1796 martyris
1920 1713 1994 1777 in
2052 1714 2501 1797 martyrologio

243 1803 488 1886 paucis
533 1825 856 1885 exponere,
913 1805 1080 1884 quod
1120 1803 1369 1868 saeculo
1416 1803 1467 1867 I
1465 1801 1552 1866 X.
1603 1809 1874 1867 eoetremo
1935 1809 2049 1868 aut
2096 1803 2185 1868 X.
2245 1803 2501 1868 ineunte

256 1893 336 1958 in
379 1893 520 1974 ipso
567 1891 854 1958 coenobio
899 1891 1215 1957 Fuldensi
1273 1890 1674 1972 compositum
1734 1897 1824 1956 est
1836 1893 1877 1971 3,
1939 1891 2155 1957 multis
2214 1891 2501 1973 operibus

258 1981 586 2062 adhibitis,
636 2003 774 2047 cum
831 1987 1054 2047 auctor
1096 2002 1226 2045 non
1286 1981 1486 2046 solum
1544 1979 2017 2062 martyroloyiis
2075 1980 2501 2046 anterioribus

158 2090 216 2130 15
257 2093 415 2136 usus
473 2069 589 2150 sit,
652 2069 887 2136 scilicet
941 2075 1012 2134 ut
1067 2069 1316 2134 videtur
1373 2068 1889 2152 I-Iieronymiano
1901 2120 1919 2151 ,
1980 2068 2252 2134 Bedano
2309 2069 2499 2135 inter-

242 2161 472 2242 polato
484 2210 502 2241 ,
573 2158 914 2239 Hrabani,
985 2158 1270 2240 Adonis,
1356 2159 1643 2224 Usuaroli
1659 2159 1701 2238 4,
1774 2159 1884 2222 sed
1948 2157 2137 2222 etiam
2204 2179 2281 2222 eoe
2348 2158 2501 2223 aliis

257 2248 548 2328 fontibus
601 2247 905 2330 hauserit,
967 2269 1000 2312 e
1057 2247 1282 2328 quibus
1327 2247 1550 2312 Bedae
1595 2246 1959 2311 Historiam
2017 2247 2499 2312 ecclesiasticam

261 2334 452 2416 (Iun.
502 2335 642 2419 22),
692 2337 766 2401 V.
823 2335 1136 2402 Germani
1179 2335 1532 2401 Autissiod.
1582 2341 1747 2400 auct.
1789 2333 2160 2401 Constantio
2206 2332 2409 2417 (Mai.
2438 2341 2496 2416 7,

259 2427 397 2491 Iul.
461 2432 574 2507 31,
656 2425 785 2491 Oct.
853 2424 947 2509 1),
1011 2426 1086 2490 V.
1145 2423 1481 2490 Amatoris
1551 2420 1756 2501 (Mai.
1822 2423 1971 2506 22),
2032 2424 2499 2490 Revelationem

161 2537 222 2574 20
273 2514 645 2581 Corcoolomi
663 2515 688 2554 ⁵
736 2510 981 2598 (April.
1034 2514 1172 2596 20),
1237 2514 1310 2578 V.
1358 2514 1607 2578 Leobae
1658 2519 1717 2577 et
1759 2513 2097 2578 Miracula
2143 2520 2504 2579 sanctorum

259 2605 338 2668 in
369 2604 728 2669 Fuldenses
773 2603 1066 2670 ecclesias
1111 2604 1570 2668 translatorum
1620 2599 1697 2683 (c.
1738 2600 1845 2685 14)
1868 2602 1893 2640 ⁶
1938 2608 2191 2667 auctore
2221 2603 2503 2681 Rudolfo

263 2691 470 2775 (Sept.
522 2691 642 2774 28)
709 2692 944 2772 afferre
990 2691 1155 2756 libet.
1246 2691 1581 2770 Bonifatii
1641 2696 1861 2755 auctor
1920 2697 2143 2773 quater
2200 2691 2501 2772 meminit,

262 2784 418 2846 dum
465 2788 748 2847 octavam
792 2781 1162 2862 festivitatis
1193 2781 1329 2846 eius
1363 2778 1542 2862 (Iun.
1584 2778 1714 2862 12),
1763 2779 2246 2844 translationem
2277 2803 2339 2845 a.
2374 2787 2411 2843 8
2424 2788 2501 2844 19

264 2869 469 2952 (Nov.
510 2872 601 2954 1),
650 2870 1114 2934 ordinationem
1159 2868 1568 2951 episcopalem
1602 2866 1789 2948 (Dec.
1828 2866 1899 2949 1)
1932 2868 2203 2933 breviter
2231 2876 2506 2935 recenset

164 2979 224 3018 25
263 2965 453 3040 atque
515 2958 886 3024 memoriam
955 2959 1084 3025 diei
1150 2957 1515 3023 emortualis
1575 2955 1757 3038 (Iun.
1821 2956 1888 3040 5)
1938 2957 2242 3041 pluribus
2298 2958 2503 3024 verbis

264 3048 553 3128 celebrat,
601 3047 792 3112 etiam
851 3047 1162 3112 sociorum
1219 3047 1532 3112 mentione
1591 3047 1786 3128 facta,
1848 3067 2116 3128 quorum
2173 3068 2503 3112 numerum

263 3135 889 3219 quinquayenarium
937 3136 1194 3218 primus
1241 3142 1388 3218 post
1443 3135 1940 3201 continuatorem
1990 3134 2213 3201 Bedae
2273 3135 2500 3200 attulit.

262 3227 508 3290 Locum
553 3225 720 3290 hunc
764 3226 1048 3310 amplum
1093 3227 1182 3289 acl
1232 3231 1409 3307 yesta
1467 3223 1674 3289 sancti
1727 3229 2105 3306 spectantem
2161 3226 2504 3290 monachus
2551 3229 2555 3234 ’

263 3315 733 3396 Eymondanus
790 3316 880 3379 ad
942 3316 1196 3380 verbum
1261 3313 1534 3395 iteravit,
1606 3312 1716 3394 qui
1782 3333 1943 3377 saec.
2010 3313 2189 3378 XII.
2247 3320 2501 3394 partem

170 3424 230 3463 so
251 3403 544 3485 priorem
588 3403 946 3468 Annalium
982 3401 1413 3468 Xantensium
1457 3400 1764 3484 supplevit
1784 3402 1824 3464 ⁷.
1908 3401 2280 3467 Wilhelmus
2309 3403 2501 3467 Heda

268 3597 322 3662 1)
381 3595 613 3646 Librum
666 3611 776 3646 non
828 3595 978 3658 vidi;
1032 3598 1097 3660 cf.
1156 3595 1415 3646 Analecta
1465 3595 1832 3646 Bollandiana
1884 3594 2020 3659 XII,
2077 3596 2232 3660 1893,
2284 3612 2341 3662 p.
2378 3596 2499 3649 477.

265 3669 324 3728 2)
387 3666 709 3717 Ruthardus
768 3667 1059 3718 monachus
1119 3666 1562 3731 Hirsauyiensis,
1631 3667 1789 3716 ‘unus
1849 3682 1915 3717 em
1965 3667 2169 3731 primis
2226 3667 2406 3718 missis
2466 3681 2501 3716 a

264 3736 469 3801 Fama,
505 3737 723 3788 Rabani
746 3743 792 3789 et
816 3738 1006 3789 Strabi
1034 3737 1411 3790 monachorum
1437 3737 1704 3803 quondam
1741 3739 1959 3788 auditor
1984 3743 2137 3803 atque
2171 3737 2499 3805 discipula-32

256 3811 572 3875 passionem
598 3809 871 3871 Bonifatii
907 3808 1130 3861 ‘heroico
1165 3809 1400 3859 carmine
1432 3808 1791 3874 pulcherrime
1826 3810 1885 3858 in
1920 3807 2121 3860 diiobus
2158 3809 2329 3860 libris'
2366 3825 2501 3863 com-

171 3894 229 3936 36
255 3881 512 3948 posuisse
545 3881 759 3944 dicitur,
802 3879 892 3932 secl
939 3881 1036 3946 qui
1068 3880 1209 3946 haec,
1250 3879 1583 3945 Meqinfrido
1619 3884 1743 3930 teste
1777 3881 1983 3944 famoso
2031 3880 2215 3946 allato,
2253 3881 2501 3947 tradidit,

277 3951 611 4002 Trithemius
670 3949 875 4016 (Opera
935 3951 1199 4002 historica
1249 3949 1324 4004 ed.
1377 3947 1579 4002 Freher
1640 3950 1721 4013 II,
1767 3953 1860 4008 16)
1914 3967 2027 4001 una
2076 3966 2192 4002 cum
2242 3952 2339 4002 hoc
2386 3956 2501 4004 sine

265 4022 431 4073 dubio
465 4023 630 4086 finoeit
664 4025 822 4073 etiam
859 4022 1026 4076 illum.
1207 4023 1264 4089 3)
1312 4023 1394 4073 De
1430 4023 1635 4086 oriyine
1670 4023 2049 4088 martyroloqii
2080 4024 2185 4087 eyit
2225 4023 2497 4089 Georgius,

265 4093 728 4158 Mai-tyroloyium
763 4094 974 4146 Adonis
1013 4109 1070 4158 p.
1109 4093 1238 4146 XV.
1452 4091 1509 4161 4)
1553 4091 2009 4158 Mai-tyroloyium
2045 4093 2306 4145 Fuldense
2350 4094 2501 4145 haud

261 4166 456 4232 paucis
495 4165 620 4215 locis
655 4179 772 4215 cum
807 4164 1266 4217 Autissiodorensi
1311 4163 1578 4228 (Martene
1627 4169 1675 4213 et
1723 4165 1978 4229 Durand,
2028 4163 2269 4216 Veterum
2316 4167 2497 4232 script.

171 4251 230 4290 40
265 4241 319 4288 et
353 4250 494 4289 mon.
531 4237 868 4301 amplissima
902 4236 1122 4288 collectio
1155 4235 1250 4302 1⁷1,
1289 4236 1445 4299 1729,
1482 4235 1793 4293 685—738)
1828 4237 2076 4300 convenit,
2114 4237 2176 4286 de
2202 4250 2305 4300 quo
2328 4252 2501 4304 nuper

266 4309 376 4372 eyit
412 4307 480 4360 B.
505 4305 744 4370 Krusch,
786 4305 869 4360 ‘N.
894 4306 1079 4361 Arch!
1106 4306 1324 4370 XXVI,
1360 4308 1464 4361 359
1489 4322 1599 4373 sqq.
1746 4309 1799 4371 5)
1833 4307 1914 4357 De
1949 4321 2057 4372 qua
2094 4309 2160 4371 cf.
2201 4305 2285 4360 (Ν.
2313 4307 2497 4363 Arch!

265 4377 492 4443 XXIX,
531 4379 635 4432 160
657 4393 735 4444 sq.
915 4380 969 4444 6)
1015 4379 1112 4432 SS.
1151 4377 1280 4442 XV,
1317 4380 1438 4433 339.
1622 4379 1675 4444 7)
1730 4378 1875 4431 Ann.
1913 4376 2081 4431 Xant.
2132 4392 2182 4432 a.
2222 4379 2327 4433 752
2376 4378 2497 4443 (SS.

266 4449 349 4514 ΙΙ,
386 4451 538 4510 222).
610 4449 799 4516 Itaque
846 4464 912 4500 ne
960 4449 1085 4502 haec
1126 4449 1332 4515 quidem
1373 4449 1649 4515 particula
1688 4447 1983 4499 Annalium
2026 4450 2137 4514 ipsi
2170 4449 2502 4517 compilatori
