<?xml version="1.0" encoding="UTF-8"?>
<!DOCTYPE html PUBLIC "-//W3C//DTD XHTML 1.0 Transitional//EN"
    "http://www.w3.org/TR/xhtml1/DTD/xhtml1-transitional.dtd">
<html xmlns="http://www.w3.org/1999/xhtml" xml:lang="en" lang="en">
 <head>
  <title>
</title>
<meta http-equiv="Content-Type" content="text/html;charset=utf-8" />
  <meta name='ocr-system' content='tesseract 3.04.00' />
  <meta name='ocr-capabilities' content='ocr_page ocr_carea ocr_par ocr_line ocrx_word'/>
</head>
<body>
  <div class='ocr_page' id='page_1' title='image "./vitaesanctiboni00mogugoog_0071.png"; bbox 0 0 3167 5192; ppageno 0'>
   <div class='ocr_carea' id='block_1_1' title="bbox 703 477 2052 538">
    <p class='ocr_par' dir='ltr' id='par_1_1' title="bbox 703 477 2052 538">
     <span class='ocr_line' id='line_1_1' title="bbox 703 477 2052 538; baseline 0.004 -6"><span class='ocrx_word' id='word_1_1' title='bbox 703 479 899 533; x_wconf 88' lang='lat' dir='ltr'><strong>LXIV</strong></span> <span class='ocrx_word' id='word_1_2' title='bbox 1594 477 2052 538; x_wconf 81' lang='lat' dir='ltr'><strong>PRAEFATIO.</strong></span> 
     </span>
    </p>
   </div>
   <div class='ocr_carea' id='block_1_2' title="bbox 687 661 3043 2255">
    <p class='ocr_par' dir='ltr' id='par_1_2' title="bbox 687 661 3043 2255">
     <span class='ocr_line' id='line_1_2' title="bbox 705 661 2956 747; baseline -0 -22"><span class='ocrx_word' id='word_1_3' title='bbox 705 663 1006 747; x_wconf 88' lang='lat' dir='ltr'><em>implevi.</em></span> <span class='ocrx_word' id='word_1_4' title='bbox 1087 661 1312 726; x_wconf 82' lang='lat' dir='ltr'>Causa</span> <span class='ocrx_word' id='word_1_5' title='bbox 1358 682 1517 744; x_wconf 85' lang='lat' dir='ltr'><em>ergo</em></span> <span class='ocrx_word' id='word_1_6' title='bbox 1566 661 1696 724; x_wconf 59' lang='lat' dir='ltr'><em>tali</em></span> <span class='ocrx_word' id='word_1_7' title='bbox 1743 661 1995 725; x_wconf 87' lang='lat' dir='ltr'><em>librum</em></span> <span class='ocrx_word' id='word_1_8' title='bbox 2042 663 2266 726; x_wconf 69' lang='lat' dir='ltr'><em>sancti</em></span> <span class='ocrx_word' id='word_1_9' title='bbox 2300 662 2645 726; x_wconf 81' lang='lat' dir='ltr'><em>Bonifacii</em></span> <span class='ocrx_word' id='word_1_10' title='bbox 2675 683 2956 746; x_wconf 87' lang='lat' dir='ltr'><em>promp-</em></span> 
     </span>
     <span class='ocr_line' id='line_1_3' title="bbox 704 749 2959 835; baseline -0 -20"><span class='ocrx_word' id='word_1_11' title='bbox 704 757 819 815; x_wconf 75' lang='lat' dir='ltr'><em>tus</em></span> <span class='ocrx_word' id='word_1_12' title='bbox 881 752 1138 835; x_wconf 85' lang='lat' dir='ltr'><em>scripsi.</em></span> <span class='ocrx_word' id='word_1_13' title='bbox 1255 749 1435 814; x_wconf 78' lang='lat' dir='ltr'><em>Otlob</em></span> <span class='ocrx_word' id='word_1_14' title='bbox 1494 749 1693 831; x_wconf 69' lang='lat' dir='ltr'><em>iyitur</em></span> <span class='ocrx_word' id='word_1_15' title='bbox 1750 749 2051 830; x_wconf 76' lang='lat' dir='ltr'><em>inprimis</em></span> <span class='ocrx_word' id='word_1_16' title='bbox 2110 750 2183 814; x_wconf 91' lang='lat' dir='ltr'><em>id</em></span> <span class='ocrx_word' id='word_1_17' title='bbox 2238 749 2388 832; x_wconf 74' lang='lat' dir='ltr'><em>eyit,</em></span> <span class='ocrx_word' id='word_1_18' title='bbox 2458 756 2530 814; x_wconf 94' lang='lat' dir='ltr'><em>ut</em></span> <span class='ocrx_word' id='word_1_19' title='bbox 2593 771 2959 814; x_wconf 85' lang='lat' dir='ltr'><em>sermonem</em></span> 
     </span>
     <span class='ocr_line' id='line_1_4' title="bbox 706 838 2957 920; baseline 0 -16"><span class='ocrx_word' id='word_1_20' title='bbox 706 839 1036 920; x_wconf 75' lang='lat' dir='ltr'><em>difficilem</em></span> <span class='ocrx_word' id='word_1_21' title='bbox 1106 839 1320 920; x_wconf 77' lang='lat' dir='ltr'><em>aliquo</em></span> <span class='ocrx_word' id='word_1_22' title='bbox 1387 841 1566 902; x_wconf 91' lang='lat' dir='ltr'><em>modo</em></span> <span class='ocrx_word' id='word_1_23' title='bbox 1634 839 1923 903; x_wconf 91' lang='lat' dir='ltr'><em>redderet</em></span> <span class='ocrx_word' id='word_1_24' title='bbox 1991 838 2382 920; x_wconf 75' lang='lat' dir='ltr'><em>faciliorem,</em></span> <span class='ocrx_word' id='word_1_25' title='bbox 2451 839 2711 920; x_wconf 80' lang='lat' dir='ltr'><em>ideoque</em></span> <span class='ocrx_word' id='word_1_26' title='bbox 2778 860 2957 920; x_wconf 80' lang='lat' dir='ltr'><em>quae</em></span> 
     </span>
     <span class='ocr_line' id='line_1_5' title="bbox 707 926 2956 1011; baseline 0 -19"><span class='ocrx_word' id='word_1_27' title='bbox 707 927 968 992; x_wconf 91' lang='lat' dir='ltr'><em>tolerari</em></span> <span class='ocrx_word' id='word_1_28' title='bbox 1018 933 1319 1011; x_wconf 74' lang='lat' dir='ltr'><em>poterant</em></span> <span class='ocrx_word' id='word_1_29' title='bbox 1336 927 1359 965; x_wconf 82' lang='lat'><em>1</em></span> <span class='ocrx_word' id='word_1_30' title='bbox 1418 927 1698 991; x_wconf 90' lang='lat' dir='ltr'><em>auctoris</em></span> <span class='ocrx_word' id='word_1_31' title='bbox 1744 926 2127 1008; x_wconf 73' lang='lat' dir='ltr'><em>primiyenii</em></span> <span class='ocrx_word' id='word_1_32' title='bbox 2179 929 2387 1009; x_wconf 84' lang='lat' dir='ltr'><em>verba,</em></span> <span class='ocrx_word' id='word_1_33' title='bbox 2451 926 2657 992; x_wconf 89' lang='lat' dir='ltr'><em>codice</em></span> <span class='ocrx_word' id='word_1_34' title='bbox 2716 927 2956 993; x_wconf 84' lang='lat' dir='ltr'><em>classis</em></span> 
     </span>
     <span class='ocr_line' id='line_1_6' title="bbox 703 1012 3023 1099; baseline -0.001 -17"><span class='ocrx_word' id='word_1_35' title='bbox 703 1017 1142 1082; x_wconf 85' lang='lat' dir='ltr'><em>Baiuvaricae</em></span> <span class='ocrx_word' id='word_1_36' title='bbox 1189 1012 1274 1099; x_wconf 92' lang='lat'><em>(4)</em></span> <span class='ocrx_word' id='word_1_37' title='bbox 1329 1015 1609 1080; x_wconf 78' lang='lat' dir='ltr'><em>adhibi-to</em></span> <span class='ocrx_word' id='word_1_38' title='bbox 1630 1018 1670 1096; x_wconf 78' lang='lat'><em>2,</em></span> <span class='ocrx_word' id='word_1_39' title='bbox 1732 1015 2007 1081; x_wconf 83' lang='lat' dir='ltr'><em>servavit</em></span> <span class='ocrx_word' id='word_1_40' title='bbox 2064 1038 2259 1098; x_wconf 79' lang='lat' dir='ltr'><em>neque</em></span> <span class='ocrx_word' id='word_1_41' title='bbox 2316 1037 2420 1080; x_wconf 87' lang='lat' dir='ltr'><em>res</em></span> <span class='ocrx_word' id='word_1_42' title='bbox 2479 1015 2753 1081; x_wconf 88' lang='lat' dir='ltr'><em>traditas</em></span> <span class='ocrx_word' id='word_1_43' title='bbox 2812 1039 2953 1080; x_wconf 87' lang='lat' dir='ltr'><em>am·</em></span> <span class='ocrx_word' id='word_1_44' title='bbox 2994 1041 3023 1079; x_wconf 86' lang='lat'><strong>5</strong></span> 
     </span>
     <span class='ocr_line' id='line_1_7' title="bbox 691 1104 2954 1188; baseline -0 -18"><span class='ocrx_word' id='word_1_45' title='bbox 691 1105 934 1188; x_wconf 85' lang='lat' dir='ltr'><em>pliavit</em></span> <span class='ocrx_word' id='word_1_46' title='bbox 976 1112 1036 1170; x_wconf 92' lang='lat' dir='ltr'><em>et</em></span> <span class='ocrx_word' id='word_1_47' title='bbox 1078 1104 1410 1170; x_wconf 75' lang='lat' dir='ltr'><em>exornavit</em></span> <span class='ocrx_word' id='word_1_48' title='bbox 1453 1104 1585 1168; x_wconf 89' lang='lat' dir='ltr'><em>nisi</em></span> <span class='ocrx_word' id='word_1_49' title='bbox 1614 1125 1769 1169; x_wconf 89' lang='lat' dir='ltr'><em>raro</em></span> <span class='ocrx_word' id='word_1_50' title='bbox 1789 1105 1830 1165; x_wconf 82' lang='lat'><em>3.</em></span> <span class='ocrx_word' id='word_1_51' title='bbox 1909 1105 2212 1170; x_wconf 81' lang='lat' dir='ltr'><em>Attamen</em></span> <span class='ocrx_word' id='word_1_52' title='bbox 2244 1111 2529 1170; x_wconf 77' lang='lat' dir='ltr'><em>auctores</em></span> <span class='ocrx_word' id='word_1_53' title='bbox 2554 1105 2954 1187; x_wconf 76' lang='lat' dir='ltr'><em>posteriores</em></span> 
     </span>
     <span class='ocr_line' id='line_1_8' title="bbox 706 1192 2953 1276; baseline 0 -17"><span class='ocrx_word' id='word_1_54' title='bbox 706 1196 795 1259; x_wconf 90' lang='lat' dir='ltr'><em>ad</em></span> <span class='ocrx_word' id='word_1_55' title='bbox 836 1195 1248 1276; x_wconf 88' lang='lat' dir='ltr'><em>supplendum</em></span> <span class='ocrx_word' id='word_1_56' title='bbox 1293 1193 1654 1259; x_wconf 85' lang='lat' dir='ltr'><em>Willibaldi</em></span> <span class='ocrx_word' id='word_1_57' title='bbox 1699 1192 1932 1257; x_wconf 91' lang='lat' dir='ltr'><em>librum</em></span> <span class='ocrx_word' id='word_1_58' title='bbox 1977 1194 2272 1258; x_wconf 78' lang='lat' dir='ltr'><em>adhibere</em></span> <span class='ocrx_word' id='word_1_59' title='bbox 2306 1216 2437 1259; x_wconf 92' lang='lat' dir='ltr'><em>non</em></span> <span class='ocrx_word' id='word_1_60' title='bbox 2474 1194 2759 1276; x_wconf 73' lang='lat' dir='ltr'><em>neyleoeit,</em></span> <span class='ocrx_word' id='word_1_61' title='bbox 2808 1216 2953 1259; x_wconf 80' lang='lat' dir='ltr'><em>non</em></span> 
     </span>
     <span class='ocr_line' id='line_1_9' title="bbox 704 1281 2952 1364; baseline 0 -17"><span class='ocrx_word' id='word_1_62' title='bbox 704 1285 903 1347; x_wconf 88' lang='lat' dir='ltr'><em>solum</em></span> <span class='ocrx_word' id='word_1_63' title='bbox 979 1282 1188 1364; x_wconf 73' lang='lat' dir='ltr'><em>Eiyili</em></span> <span class='ocrx_word' id='word_1_64' title='bbox 1265 1282 1479 1346; x_wconf 89' lang='lat' dir='ltr'><em>Vitam</em></span> <span class='ocrx_word' id='word_1_65' title='bbox 1548 1281 1793 1346; x_wconf 80' lang='lat' dir='ltr'><em>Sturmi</em></span> <span class='ocrx_word' id='word_1_66' title='bbox 1811 1283 1836 1320; x_wconf 82' lang='lat'>4</span> <span class='ocrx_word' id='word_1_67' title='bbox 1910 1281 1985 1347; x_wconf 86' lang='lat' dir='ltr'><em>in</em></span> <span class='ocrx_word' id='word_1_68' title='bbox 2048 1281 2433 1364; x_wconf 73' lang='lat' dir='ltr'><em>primordiis</em></span> <span class='ocrx_word' id='word_1_69' title='bbox 2508 1283 2952 1347; x_wconf 86' lang='lat' dir='ltr'><em>Fuldensibus</em></span> 
     </span>
     <span class='ocr_line' id='line_1_10' title="bbox 703 1368 2948 1454; baseline 0 -18"><span class='ocrx_word' id='word_1_70' title='bbox 703 1371 1092 1437; x_wconf 85' lang='lat' dir='ltr'><em>enarrandi-s</em></span> <span class='ocrx_word' id='word_1_71' title='bbox 1162 1368 1202 1449; x_wconf 88' lang='lat'><em>(</em></span> <span class='ocrx_word' id='word_1_72' title='bbox 1195 1372 1298 1452; x_wconf 90' lang='lat' dir='ltr'><em>II,</em></span> <span class='ocrx_word' id='word_1_73' title='bbox 1367 1373 1500 1454; x_wconf 95' lang='lat'><em>17),</em></span> <span class='ocrx_word' id='word_1_74' title='bbox 1571 1372 1683 1434; x_wconf 87' lang='lat' dir='ltr'><em>sed</em></span> <span class='ocrx_word' id='word_1_75' title='bbox 1748 1370 1937 1435; x_wconf 90' lang='lat' dir='ltr'><em>etiam</em></span> <span class='ocrx_word' id='word_1_76' title='bbox 2001 1371 2211 1436; x_wconf 85' lang='lat' dir='ltr'><em>Vitam</em></span> <span class='ocrx_word' id='word_1_77' title='bbox 2271 1370 2607 1450; x_wconf 84' lang='lat' dir='ltr'><em>Bonifatii</em></span> <span class='ocrx_word' id='word_1_78' title='bbox 2666 1372 2948 1454; x_wconf 75' lang='lat' dir='ltr'><em>Moyun-</em></span> 
     </span>
     <span class='ocr_line' id='line_1_11' title="bbox 702 1459 3043 1541; baseline 0 -16"><span class='ocrx_word' id='word_1_79' title='bbox 702 1461 930 1540; x_wconf 89' lang='lat' dir='ltr'><em>tinam,</em></span> <span class='ocrx_word' id='word_1_80' title='bbox 993 1461 1162 1525; x_wconf 78' lang='lat' dir='ltr'><em>hanc</em></span> <span class='ocrx_word' id='word_1_81' title='bbox 1219 1481 1364 1524; x_wconf 84' lang='lat' dir='ltr'><em>vero</em></span> <span class='ocrx_word' id='word_1_82' title='bbox 1423 1459 1546 1540; x_wconf 90' lang='lat' dir='ltr'><em>ita,</em></span> <span class='ocrx_word' id='word_1_83' title='bbox 1610 1466 1680 1523; x_wconf 89' lang='lat' dir='ltr'><em>ut</em></span> <span class='ocrx_word' id='word_1_84' title='bbox 1737 1459 1999 1524; x_wconf 86' lang='lat' dir='ltr'><em>nomina</em></span> <span class='ocrx_word' id='word_1_85' title='bbox 2044 1459 2467 1541; x_wconf 80' lang='lat' dir='ltr'><em>direptoribus</em></span> <span class='ocrx_word' id='word_1_86' title='bbox 2529 1462 2595 1525; x_wconf 80' lang='lat' dir='ltr'><em>S.</em></span> <span class='ocrx_word' id='word_1_87' title='bbox 2645 1460 2948 1525; x_wconf 88' lang='lat' dir='ltr'><em>Martini</em></span> <span class='ocrx_word' id='word_1_88' title='bbox 2988 1484 3043 1524; x_wconf 81' lang='grc' dir='ltr'><em>ιο</em></span> 
     </span>
     <span class='ocr_line' id='line_1_12' title="bbox 701 1546 2950 1631; baseline 0 -17"><span class='ocrx_word' id='word_1_89' title='bbox 701 1549 1082 1630; x_wconf 71' lang='lat' dir='ltr'><em>Moyunti-ni</em></span> <span class='ocrx_word' id='word_1_90' title='bbox 1138 1549 1272 1630; x_wconf 87' lang='lat' dir='ltr'><em>ipse</em></span> <span class='ocrx_word' id='word_1_91' title='bbox 1317 1547 1629 1613; x_wconf 85' lang='lat' dir='ltr'><em>indiderit</em></span> <span class='ocrx_word' id='word_1_92' title='bbox 1673 1546 1813 1629; x_wconf 90' lang='lat' dir='ltr'><em>(II,</em></span> <span class='ocrx_word' id='word_1_93' title='bbox 1850 1549 1967 1630; x_wconf 89' lang='lat'><em>20)</em></span> <span class='ocrx_word' id='word_1_94' title='bbox 2027 1550 2433 1631; x_wconf 77' lang='lat' dir='ltr'><em>fabulamque</em></span> <span class='ocrx_word' id='word_1_95' title='bbox 2479 1551 2803 1630; x_wconf 80' lang='lat' dir='ltr'><em>quandam</em></span> <span class='ocrx_word' id='word_1_96' title='bbox 2852 1552 2950 1614; x_wconf 87' lang='lat' dir='ltr'><em>ad</em></span> 
     </span>
     <span class='ocr_line' id='line_1_13' title="bbox 693 1637 2943 1719; baseline 0 -17"><span class='ocrx_word' id='word_1_97' title='bbox 693 1639 1058 1719; x_wconf 88' lang='lat' dir='ltr'><em>primordia</em></span> <span class='ocrx_word' id='word_1_98' title='bbox 1140 1637 1419 1703; x_wconf 91' lang='lat' dir='ltr'><em>coenobii</em></span> <span class='ocrx_word' id='word_1_99' title='bbox 1503 1637 1917 1716; x_wconf 87' lang='lat' dir='ltr'><em>Ordorfensis</em></span> <span class='ocrx_word' id='word_1_100' title='bbox 2004 1637 2345 1718; x_wconf 90' lang='lat' dir='ltr'><em>rettulerit,</em></span> <span class='ocrx_word' id='word_1_101' title='bbox 2440 1638 2943 1704; x_wconf 88' lang='lat' dir='ltr'><em>commemoratis</em></span> 
     </span>
     <span class='ocr_line' id='line_1_14' title="bbox 687 1723 2943 1809; baseline 0 -19"><span class='ocrx_word' id='word_1_102' title='bbox 687 1727 930 1809; x_wconf 89' lang='lat' dir='ltr'><em>primis</em></span> <span class='ocrx_word' id='word_1_103' title='bbox 974 1726 1421 1792; x_wconf 80' lang='lat' dir='ltr'><em>donationibus</em></span> <span class='ocrx_word' id='word_1_104' title='bbox 1474 1725 1893 1809; x_wconf 75' lang='lat' dir='ltr'><em>Thurinyicis</em></span> <span class='ocrx_word' id='word_1_105' title='bbox 1942 1723 2034 1807; x_wconf 88' lang='lat' dir='ltr'><em>(I,</em></span> <span class='ocrx_word' id='word_1_106' title='bbox 2085 1733 2166 1790; x_wconf 86' lang='lat'><em>24</em></span> <span class='ocrx_word' id='word_1_107' title='bbox 2160 1728 2222 1809; x_wconf 91' lang='lat'><em>),</em></span> <span class='ocrx_word' id='word_1_108' title='bbox 2284 1727 2415 1792; x_wconf 85' lang='lat' dir='ltr'><em>sive</em></span> <span class='ocrx_word' id='word_1_109' title='bbox 2458 1727 2576 1792; x_wconf 93' lang='lat' dir='ltr'><em>illa</em></span> <span class='ocrx_word' id='word_1_110' title='bbox 2621 1727 2754 1808; x_wconf 90' lang='lat' dir='ltr'><em>ipse</em></span> <span class='ocrx_word' id='word_1_111' title='bbox 2813 1727 2943 1792; x_wconf 88' lang='lat' dir='ltr'><em>sibi</em></span> 
     </span>
     <span class='ocr_line' id='line_1_15' title="bbox 701 1814 2941 1898; baseline 0 -18"><span class='ocrx_word' id='word_1_112' title='bbox 701 1815 1073 1898; x_wconf 72' lang='lat' dir='ltr'><em>excoyitavit</em></span> <span class='ocrx_word' id='word_1_113' title='bbox 1137 1815 1267 1879; x_wconf 85' lang='lat' dir='ltr'><em>sive</em></span> <span class='ocrx_word' id='word_1_114' title='bbox 1327 1814 1587 1880; x_wconf 83' lang='lat' dir='ltr'><em>aliunde</em></span> <span class='ocrx_word' id='word_1_115' title='bbox 1648 1821 1899 1897; x_wconf 90' lang='lat' dir='ltr'><em>accepta</em></span> <span class='ocrx_word' id='word_1_116' title='bbox 1967 1816 2220 1897; x_wconf 88' lang='lat' dir='ltr'><em>rettulit,</em></span> <span class='ocrx_word' id='word_1_117' title='bbox 2292 1836 2549 1897; x_wconf 78' lang='lat' dir='ltr'><em>cumque</em></span> <span class='ocrx_word' id='word_1_118' title='bbox 2615 1837 2719 1880; x_wconf 90' lang='lat' dir='ltr'><em>res</em></span> <span class='ocrx_word' id='word_1_119' title='bbox 2785 1816 2941 1880; x_wconf 89' lang='lat' dir='ltr'><em>illas</em></span> 
     </span>
     <span class='ocr_line' id='line_1_16' title="bbox 710 1904 3033 1989; baseline -0 -20"><span class='ocrx_word' id='word_1_120' title='bbox 710 1904 1128 1984; x_wconf 87' lang='lat' dir='ltr'><em>Ordorfenses</em></span> <span class='ocrx_word' id='word_1_121' title='bbox 1171 1906 1245 1967; x_wconf 87' lang='lat' dir='ltr'><em>in</em></span> <span class='ocrx_word' id='word_1_122' title='bbox 1290 1905 1467 1969; x_wconf 90' lang='lat' dir='ltr'><em>libro</em></span> <span class='ocrx_word' id='word_1_123' title='bbox 1515 1906 1813 1987; x_wconf 83' lang='lat' dir='ltr'><em>quodam</em></span> <span class='ocrx_word' id='word_1_124' title='bbox 1860 1907 2144 1989; x_wconf 73' lang='lat' dir='ltr'><em>antiquo</em></span> <span class='ocrx_word' id='word_1_125' title='bbox 2190 1905 2463 1986; x_wconf 90' lang='lat' dir='ltr'><em>scriptas</em></span> <span class='ocrx_word' id='word_1_126' title='bbox 2492 1927 2558 1969; x_wconf 90' lang='lat' dir='ltr'><em>se</em></span> <span class='ocrx_word' id='word_1_127' title='bbox 2586 1904 2941 1985; x_wconf 82' lang='lat' dir='ltr'><em>repperisse</em></span> <span class='ocrx_word' id='word_1_128' title='bbox 2980 1930 3033 1968; x_wconf 84' lang='lat'><em>15</em></span> 
     </span>
     <span class='ocr_line' id='line_1_17' title="bbox 701 1992 2943 2076; baseline 0 -19"><span class='ocrx_word' id='word_1_129' title='bbox 701 1992 1148 2073; x_wconf 78' lang='lat' dir='ltr'><em>affirmaverit,</em></span> <span class='ocrx_word' id='word_1_130' title='bbox 1197 1992 1426 2074; x_wconf 89' lang='lat' dir='ltr'><em>dubito,</em></span> <span class='ocrx_word' id='word_1_131' title='bbox 1474 1992 1634 2074; x_wconf 78' lang='lat' dir='ltr'><em>quin</em></span> <span class='ocrx_word' id='word_1_132' title='bbox 1681 1999 1940 2074; x_wconf 90' lang='lat' dir='ltr'><em>praeter</em></span> <span class='ocrx_word' id='word_1_133' title='bbox 1990 1993 2201 2058; x_wconf 87' lang='lat' dir='ltr'><em>Vitam</em></span> <span class='ocrx_word' id='word_1_134' title='bbox 2247 1994 2339 2057; x_wconf 88' lang='lat' dir='ltr'><strong><em>M</em></strong></span> <span class='ocrx_word' id='word_1_135' title='bbox 2334 1993 2705 2076; x_wconf 75' lang='lat' dir='ltr'><em>oyuntinam</em></span> <span class='ocrx_word' id='word_1_136' title='bbox 2754 1993 2943 2058; x_wconf 89' lang='lat' dir='ltr'><em>aliud</em></span> 
     </span>
     <span class='ocr_line' id='line_1_18' title="bbox 701 2081 2940 2163; baseline 0 -17"><span class='ocrx_word' id='word_1_137' title='bbox 701 2082 1062 2163; x_wconf 87' lang='lat' dir='ltr'><em>opusculum</em></span> <span class='ocrx_word' id='word_1_138' title='bbox 1106 2081 1165 2146; x_wconf 91' lang='lat' dir='ltr'><em>ei</em></span> <span class='ocrx_word' id='word_1_139' title='bbox 1196 2088 1456 2163; x_wconf 88' lang='lat' dir='ltr'><em>praesto</em></span> <span class='ocrx_word' id='word_1_140' title='bbox 1508 2081 1711 2160; x_wconf 87' lang='lat' dir='ltr'><em>fuisse</em></span> <span class='ocrx_word' id='word_1_141' title='bbox 1770 2088 2042 2147; x_wconf 89' lang='lat' dir='ltr'><em>statuere</em></span> <span class='ocrx_word' id='word_1_142' title='bbox 2100 2082 2284 2148; x_wconf 89' lang='lat' dir='ltr'><em>liceat</em></span> <span class='ocrx_word' id='word_1_143' title='bbox 2302 2083 2344 2145; x_wconf 81' lang='lat'><em>5.</em></span> <span class='ocrx_word' id='word_1_144' title='bbox 2446 2082 2634 2147; x_wconf 87' lang='lat' dir='ltr'><em>Bono</em></span> <span class='ocrx_word' id='word_1_145' title='bbox 2690 2082 2940 2147; x_wconf 86' lang='lat' dir='ltr'><em>iudicio</em></span> 
     </span>
     <span class='ocr_line' id='line_1_19' title="bbox 699 2169 2941 2255; baseline 0 -21"><span class='ocrx_word' id='word_1_146' title='bbox 699 2192 870 2251; x_wconf 88' lang='lat' dir='ltr'><em>usus,</em></span> <span class='ocrx_word' id='word_1_147' title='bbox 919 2191 1196 2235; x_wconf 88' lang='lat' dir='ltr'><em>errorem</em></span> <span class='ocrx_word' id='word_1_148' title='bbox 1242 2169 1521 2235; x_wconf 88' lang='lat' dir='ltr'><em>auctoris</em></span> <span class='ocrx_word' id='word_1_149' title='bbox 1566 2170 1660 2233; x_wconf 86' lang='lat' dir='ltr'><em>M</em></span> <span class='ocrx_word' id='word_1_150' title='bbox 1654 2170 1944 2252; x_wconf 74' lang='lat' dir='ltr'><em>oyuntini</em></span> <span class='ocrx_word' id='word_1_151' title='bbox 1990 2169 2074 2252; x_wconf 87' lang='lat' dir='ltr'><em>(c.</em></span> <span class='ocrx_word' id='word_1_152' title='bbox 2130 2174 2196 2255; x_wconf 87' lang='lat'><em>1)</em></span> <span class='ocrx_word' id='word_1_153' title='bbox 2246 2171 2516 2253; x_wconf 81' lang='lat' dir='ltr'><em>sustulit,</em></span> <span class='ocrx_word' id='word_1_154' title='bbox 2557 2192 2683 2254; x_wconf 93' lang='lat' dir='ltr'><em>pro</em></span> <span class='ocrx_word' id='word_1_155' title='bbox 2742 2171 2941 2236; x_wconf 81' lang='lat' dir='ltr'><em>Garlo</em></span> 
     </span>
    </p>
   </div>
   <div class='ocr_carea' id='block_1_3' title="bbox 688 2325 3031 4529">
    <p class='ocr_par' dir='ltr' id='par_1_3' title="bbox 688 2325 3031 3250">
     <span class='ocr_line' id='line_1_20' title="bbox 702 2325 2937 2396; baseline -0.001 -14"><span class='ocrx_word' id='word_1_156' title='bbox 702 2326 755 2396; x_wconf 89' lang='lat'><em>1)</em></span> <span class='ocrx_word' id='word_1_157' title='bbox 799 2326 976 2379; x_wconf 84' lang='lat' dir='ltr'><em>Otlohi</em></span> <span class='ocrx_word' id='word_1_158' title='bbox 1011 2327 1071 2381; x_wconf 89' lang='lat' dir='ltr'><em>V.</em></span> <span class='ocrx_word' id='word_1_159' title='bbox 1113 2327 1397 2394; x_wconf 81' lang='lat' dir='ltr'><em>Bonifatii,</em></span> <span class='ocrx_word' id='word_1_160' title='bbox 1424 2328 1570 2393; x_wconf 86' lang='lat' dir='ltr'><em>prol.</em></span> <span class='ocrx_word' id='word_1_161' title='bbox 1729 2325 1784 2396; x_wconf 84' lang='lat'><em>2)</em></span> <span class='ocrx_word' id='word_1_162' title='bbox 1836 2328 1921 2391; x_wconf 83' lang='lat' dir='ltr'><em>Cf.</em></span> <span class='ocrx_word' id='word_1_163' title='bbox 1966 2328 2255 2382; x_wconf 84' lang='lat' dir='ltr'><em>Willibald.</em></span> <span class='ocrx_word' id='word_1_164' title='bbox 2302 2345 2343 2380; x_wconf 91' lang='lat' dir='ltr'><em>c.</em></span> <span class='ocrx_word' id='word_1_165' title='bbox 2386 2330 2414 2382; x_wconf 94' lang='lat'><em>1</em></span> <span class='ocrx_word' id='word_1_166' title='bbox 2454 2330 2529 2394; x_wconf 98' lang='grc' dir='ltr'><em>(Ρ.</em></span> <span class='ocrx_word' id='word_1_167' title='bbox 2569 2330 2620 2394; x_wconf 97' lang='grc'>5,</span> <span class='ocrx_word' id='word_1_168' title='bbox 2659 2329 2721 2392; x_wconf 89' lang='lat'><em>5)</em></span> <span class='ocrx_word' id='word_1_169' title='bbox 2735 2345 2754 2378; x_wconf 94' lang='lat'><em>.·</em></span> <span class='ocrx_word' id='word_1_170' title='bbox 2791 2325 2937 2380; x_wconf 86' lang='lat' dir='ltr'><em>Cum</em></span> 
     </span>
     <span class='ocr_line' id='line_1_21' title="bbox 699 2397 3031 2466; baseline 0 -16"><span class='ocrx_word' id='word_1_171' title='bbox 699 2415 828 2451; x_wconf 88' lang='lat' dir='ltr'><em>vero</em></span> <span class='ocrx_word' id='word_1_172' title='bbox 867 2397 1036 2465; x_wconf 81' lang='lat' dir='ltr'><em>aliqui</em></span> <span class='ocrx_word' id='word_1_173' title='bbox 1083 2428 1155 2437; x_wconf 91' lang='lat'><em>—-</em></span> <span class='ocrx_word' id='word_1_174' title='bbox 1204 2397 1496 2465; x_wconf 82' lang='lat' dir='ltr'><em>presbiteri</em></span> <span class='ocrx_word' id='word_1_175' title='bbox 1544 2397 1657 2450; x_wconf 85' lang='lat' dir='ltr'><em>sive</em></span> <span class='ocrx_word' id='word_1_176' title='bbox 1694 2397 1877 2452; x_wconf 83' lang='lat' dir='ltr'><em>clerici</em></span> <span class='ocrx_word' id='word_1_177' title='bbox 1920 2399 2214 2466; x_wconf 77' lang='lat' dir='ltr'><em>populares</em></span> <span class='ocrx_word' id='word_1_178' title='bbox 2249 2399 2339 2451; x_wconf 81' lang='lat' dir='ltr'><em>vel</em></span> <span class='ocrx_word' id='word_1_179' title='bbox 2382 2397 2516 2465; x_wconf 82' lang='lat' dir='ltr'><em>(sive</em></span> <span class='ocrx_word' id='word_1_180' title='bbox 2552 2404 2629 2455; x_wconf 77' lang='lat'><em>40.</em></span> <span class='ocrx_word' id='word_1_181' title='bbox 2656 2398 2725 2466; x_wconf 54' lang='grc' dir='ltr'><em>οἳ)</em></span> <span class='ocrx_word' id='word_1_182' title='bbox 2764 2398 2937 2451; x_wconf 86' lang='lat' dir='ltr'><em>laicos</em></span> <span class='ocrx_word' id='word_1_183' title='bbox 2974 2411 3031 2450; x_wconf 75' lang='lat'><em>20</em></span> 
     </span>
     <span class='ocr_line' id='line_1_22' title="bbox 702 2468 2935 2539; baseline 0 -17"><span class='ocrx_word' id='word_1_184' title='bbox 702 2469 904 2539; x_wconf 90' lang='lat' dir='ltr'><em>(laici</em></span> <span class='ocrx_word' id='word_1_185' title='bbox 952 2473 1003 2524; x_wconf 87' lang='lat'><em>4.</em></span> <span class='ocrx_word' id='word_1_186' title='bbox 1041 2469 1118 2524; x_wconf 88' lang='lat'><em>4*.</em></span> <span class='ocrx_word' id='word_1_187' title='bbox 1156 2473 1244 2524; x_wconf 88' lang='lat' dir='ltr'><em>4a.</em></span> <span class='ocrx_word' id='word_1_188' title='bbox 1271 2471 1343 2522; x_wconf 89' lang='lat' dir='ltr'><em>b*.</em></span> <span class='ocrx_word' id='word_1_189' title='bbox 1369 2485 1409 2524; x_wconf 90' lang='lat' dir='ltr'><em>c.</em></span> <span class='ocrx_word' id='word_1_190' title='bbox 1436 2468 1505 2539; x_wconf 55' lang='grc' dir='ltr'><em>οἳ)</em></span> <span class='ocrx_word' id='word_1_191' title='bbox 1555 2469 1909 2537; x_wconf 84' lang='lat' dir='ltr'><em>praedicandi</em></span> <span class='ocrx_word' id='word_1_192' title='bbox 1960 2486 2122 2522; x_wconf 84' lang='lat' dir='ltr'><em>causa</em></span> <span class='ocrx_word' id='word_1_193' title='bbox 2170 2468 2426 2538; x_wconf 80' lang='lat' dir='ltr'><em>adissent]</em></span> <span class='ocrx_word' id='word_1_194' title='bbox 2478 2469 2522 2522; x_wconf 83' lang='lat' dir='ltr'><em>si</em></span> <span class='ocrx_word' id='word_1_195' title='bbox 2573 2486 2734 2537; x_wconf 89' lang='lat' dir='ltr'><em>quem</em></span> <span class='ocrx_word' id='word_1_196' title='bbox 2786 2469 2935 2522; x_wconf 79' lang='lat' dir='ltr'><em>forte</em></span> 
     </span>
     <span class='ocr_line' id='line_1_23' title="bbox 700 2539 2936 2594; baseline 0 -2"><span class='ocrx_word' id='word_1_197' title='bbox 700 2541 956 2594; x_wconf 87' lang='lat' dir='ltr'><em>clericum</em></span> <span class='ocrx_word' id='word_1_198' title='bbox 993 2542 1082 2594; x_wconf 84' lang='lat' dir='ltr'><em>vel</em></span> <span class='ocrx_word' id='word_1_199' title='bbox 1131 2541 1274 2592; x_wconf 83' lang='lat' dir='ltr'><em>laic</em></span> <span class='ocrx_word' id='word_1_200' title='bbox 1289 2558 1394 2592; x_wconf 92' lang='lat' dir='ltr'><em>um</em></span> <span class='ocrx_word' id='word_1_201' title='bbox 1436 2541 1593 2593; x_wconf 88' lang='lat' dir='ltr'><em>verbi</em></span> <span class='ocrx_word' id='word_1_202' title='bbox 1642 2539 1813 2592; x_wconf 85' lang='lat' dir='ltr'><em>divini</em></span> <span class='ocrx_word' id='word_1_203' title='bbox 1860 2541 2121 2593; x_wconf 79' lang='lat' dir='ltr'><em>noticiam</em></span> <span class='ocrx_word' id='word_1_204' title='bbox 2173 2539 2509 2594; x_wconf 82' lang='lat' dir='ltr'><em>deferentem</em></span> <span class='ocrx_word' id='word_1_205' title='bbox 2561 2540 2750 2594; x_wconf 87' lang='lat' dir='ltr'><em>audire</em></span> <span class='ocrx_word' id='word_1_206' title='bbox 2800 2557 2936 2593; x_wconf 88' lang='lat' dir='ltr'><em>con·-</em></span> 
     </span>
     <span class='ocr_line' id='line_1_24' title="bbox 698 2611 2934 2680; baseline -0 -16"><span class='ocrx_word' id='word_1_207' title='bbox 698 2613 909 2680; x_wconf 72' lang='lat' dir='ltr'><em>tigisset</em></span> <span class='ocrx_word' id='word_1_208' title='bbox 950 2613 1102 2665; x_wconf 81' lang='lat' dir='ltr'><em>Otloh</em></span> <span class='ocrx_word' id='word_1_209' title='bbox 1137 2613 1184 2678; x_wconf 89' lang='lat' dir='ltr'><em>I,</em></span> <span class='ocrx_word' id='word_1_210' title='bbox 1217 2616 1249 2667; x_wconf 43' lang='grc'>,1</span> <span class='ocrx_word' id='word_1_211' title='bbox 1289 2613 1361 2679; x_wconf 88' lang='grc' dir='ltr'><em>(Ρ.</em></span> <span class='ocrx_word' id='word_1_212' title='bbox 1403 2615 1522 2677; x_wconf 93' lang='grc'>118,</span> <span class='ocrx_word' id='word_1_213' title='bbox 1557 2613 1643 2679; x_wconf 89' lang='lat'><em>1);</em></span> <span class='ocrx_word' id='word_1_214' title='bbox 1685 2613 1824 2666; x_wconf 83' lang='lat' dir='ltr'><em>Will.</em></span> <span class='ocrx_word' id='word_1_215' title='bbox 1862 2627 1903 2666; x_wconf 90' lang='lat' dir='ltr'><em>c.</em></span> <span class='ocrx_word' id='word_1_216' title='bbox 1940 2616 1969 2668; x_wconf 94' lang='lat'><em>1</em></span> <span class='ocrx_word' id='word_1_217' title='bbox 2007 2615 2084 2679; x_wconf 94' lang='grc' dir='ltr'><em>(Ρ.</em></span> <span class='ocrx_word' id='word_1_218' title='bbox 2120 2615 2170 2679; x_wconf 89' lang='grc'>6,</span> <span class='ocrx_word' id='word_1_219' title='bbox 2208 2615 2299 2675; x_wconf 87' lang='grc'>1).·</span> <span class='ocrx_word' id='word_1_220' title='bbox 2336 2629 2368 2663; x_wconf 84' lang='lat' dir='ltr'><em>a</em></span> <span class='ocrx_word' id='word_1_221' title='bbox 2404 2611 2567 2680; x_wconf 81' lang='lat' dir='ltr'><em>cepti]</em></span> <span class='ocrx_word' id='word_1_222' title='bbox 2608 2630 2641 2664; x_wconf 87' lang='lat' dir='ltr'><em>a</em></span> <span class='ocrx_word' id='word_1_223' title='bbox 2677 2613 2934 2680; x_wconf 74' lang='lat' dir='ltr'><em>concepti</em></span> 
     </span>
     <span class='ocr_line' id='line_1_25' title="bbox 701 2682 2929 2750; baseline -0.001 -14"><span class='ocrx_word' id='word_1_224' title='bbox 701 2685 851 2736; x_wconf 79' lang='lat' dir='ltr'><em>Otloh</em></span> <span class='ocrx_word' id='word_1_225' title='bbox 888 2686 957 2740; x_wconf 86' lang='lat' dir='ltr'><em>ib.</em></span> <span class='ocrx_word' id='word_1_226' title='bbox 997 2687 1058 2750; x_wconf 91' lang='lat' dir='ltr'><em>(l.</em></span> <span class='ocrx_word' id='word_1_227' title='bbox 1088 2688 1180 2746; x_wconf 93' lang='grc'><em>11)</em></span> <span class='ocrx_word' id='word_1_228' title='bbox 1215 2700 1333 2734; x_wconf 91' lang='lat' dir='ltr'><em>cum</em></span> <span class='ocrx_word' id='word_1_229' title='bbox 1370 2687 1419 2738; x_wconf 90' lang='lat'><em>4.</em></span> <span class='ocrx_word' id='word_1_230' title='bbox 1447 2685 1526 2739; x_wconf 84' lang='lat'><em>4*.</em></span> <span class='ocrx_word' id='word_1_231' title='bbox 1560 2686 1647 2738; x_wconf 82' lang='lat' dir='ltr'><em>4a.</em></span> <span class='ocrx_word' id='word_1_232' title='bbox 1675 2682 1747 2738; x_wconf 86' lang='lat' dir='ltr'><em>b*.</em></span> <span class='ocrx_word' id='word_1_233' title='bbox 1774 2701 1813 2738; x_wconf 90' lang='lat' dir='ltr'><em>c.</em></span> <span class='ocrx_word' id='word_1_234' title='bbox 1842 2682 1925 2746; x_wconf 79' lang='lat' dir='ltr'><em>c²,·</em></span> <span class='ocrx_word' id='word_1_235' title='bbox 1962 2685 2103 2738; x_wconf 89' lang='lat' dir='ltr'><em>Will.</em></span> <span class='ocrx_word' id='word_1_236' title='bbox 2135 2700 2176 2738; x_wconf 86' lang='lat' dir='ltr'><em>c.</em></span> <span class='ocrx_word' id='word_1_237' title='bbox 2204 2687 2235 2738; x_wconf 91' lang='lat'>6</span> <span class='ocrx_word' id='word_1_238' title='bbox 2268 2691 2345 2750; x_wconf 95' lang='grc' dir='ltr'><em>(Ρ.</em></span> <span class='ocrx_word' id='word_1_239' title='bbox 2373 2687 2460 2750; x_wconf 92' lang='lat'><em>31,</em></span> <span class='ocrx_word' id='word_1_240' title='bbox 2490 2687 2617 2740; x_wconf 90' lang='grc'>11).·</span> <span class='ocrx_word' id='word_1_241' title='bbox 2652 2685 2929 2750; x_wconf 79' lang='lat' dir='ltr'><em>roborem]</em></span> 
     </span>
     <span class='ocr_line' id='line_1_26' title="bbox 698 2754 3027 2822; baseline -0.002 -15"><span class='ocrx_word' id='word_1_242' title='bbox 698 2756 951 2808; x_wconf 82' lang='lat' dir='ltr'><em>arborem</em></span> <span class='ocrx_word' id='word_1_243' title='bbox 1006 2755 1160 2808; x_wconf 79' lang='lat' dir='ltr'><em>Otloh</em></span> <span class='ocrx_word' id='word_1_244' title='bbox 1202 2756 1248 2821; x_wconf 92' lang='lat' dir='ltr'><em>I,</em></span> <span class='ocrx_word' id='word_1_245' title='bbox 1285 2759 1357 2809; x_wconf 91' lang='lat'><em>22</em></span> <span class='ocrx_word' id='word_1_246' title='bbox 1406 2757 1486 2822; x_wconf 89' lang='grc' dir='ltr'><em>(Ρ.</em></span> <span class='ocrx_word' id='word_1_247' title='bbox 1536 2757 1657 2820; x_wconf 88' lang='grc'>135,</span> <span class='ocrx_word' id='word_1_248' title='bbox 1698 2758 1794 2821; x_wconf 85' lang='grc'>14)</span> <span class='ocrx_word' id='word_1_249' title='bbox 1842 2771 1961 2806; x_wconf 87' lang='lat' dir='ltr'><em>cum</em></span> <span class='ocrx_word' id='word_1_250' title='bbox 2012 2755 2117 2809; x_wconf 72' lang='lat'><em>211¹.</em></span> <span class='ocrx_word' id='word_1_251' title='bbox 2160 2755 2237 2809; x_wconf 86' lang='lat'><em>3*.</em></span> <span class='ocrx_word' id='word_1_252' title='bbox 2275 2756 2327 2809; x_wconf 88' lang='lat'><em>4.</em></span> <span class='ocrx_word' id='word_1_253' title='bbox 2364 2756 2444 2808; x_wconf 88' lang='lat'><em>4*.</em></span> <span class='ocrx_word' id='word_1_254' title='bbox 2482 2759 2570 2810; x_wconf 86' lang='lat' dir='ltr'><em>4a.</em></span> <span class='ocrx_word' id='word_1_255' title='bbox 2594 2771 2635 2808; x_wconf 86' lang='lat' dir='ltr'><em>c.</em></span> <span class='ocrx_word' id='word_1_256' title='bbox 2661 2754 2741 2817; x_wconf 79' lang='lat' dir='ltr'><em>c²,·</em></span> <span class='ocrx_word' id='word_1_257' title='bbox 2782 2755 2928 2809; x_wconf 84' lang='lat' dir='ltr'><em>Will.</em></span> <span class='ocrx_word' id='word_1_258' title='bbox 2972 2766 3027 2804; x_wconf 81' lang='lat'><em>25</em></span> 
     </span>
     <span class='ocr_line' id='line_1_27' title="bbox 699 2824 2933 2894; baseline -0 -18"><span class='ocrx_word' id='word_1_259' title='bbox 699 2842 738 2880; x_wconf 89' lang='lat' dir='ltr'><em>c.</em></span> <span class='ocrx_word' id='word_1_260' title='bbox 791 2831 827 2882; x_wconf 94' lang='grc'>8</span> <span class='ocrx_word' id='word_1_261' title='bbox 880 2836 958 2893; x_wconf 88' lang='grc' dir='ltr'><em>(Ρ.</em></span> <span class='ocrx_word' id='word_1_262' title='bbox 1009 2831 1096 2894; x_wconf 89' lang='grc'><em>53,</em></span> <span class='ocrx_word' id='word_1_263' title='bbox 1142 2829 1237 2886; x_wconf 88' lang='lat'><em>29)</em></span> <span class='ocrx_word' id='word_1_264' title='bbox 1251 2845 1270 2878; x_wconf 93' lang='lat'><em>.·</em></span> <span class='ocrx_word' id='word_1_265' title='bbox 1325 2824 1711 2894; x_wconf 77' lang='lat' dir='ltr'><em>supradictam]</em></span> <span class='ocrx_word' id='word_1_266' title='bbox 1768 2842 1867 2880; x_wconf 92' lang='lat' dir='ltr'><em>om.</em></span> <span class='ocrx_word' id='word_1_267' title='bbox 1922 2825 2072 2878; x_wconf 78' lang='lat' dir='ltr'><em>Otloh</em></span> <span class='ocrx_word' id='word_1_268' title='bbox 2120 2825 2201 2891; x_wconf 89' lang='lat' dir='ltr'><em>II,</em></span> <span class='ocrx_word' id='word_1_269' title='bbox 2246 2828 2313 2880; x_wconf 84' lang='lat'><em>29</em></span> <span class='ocrx_word' id='word_1_270' title='bbox 2368 2832 2445 2894; x_wconf 89' lang='grc' dir='ltr'><em>(Ρ.</em></span> <span class='ocrx_word' id='word_1_271' title='bbox 2496 2829 2617 2890; x_wconf 93' lang='grc'>213,</span> <span class='ocrx_word' id='word_1_272' title='bbox 2660 2829 2757 2883; x_wconf 97' lang='grc'>24)</span> <span class='ocrx_word' id='word_1_273' title='bbox 2810 2843 2933 2877; x_wconf 87' lang='lat' dir='ltr'><em>cum</em></span> 
     </span>
     <span class='ocr_line' id='line_1_28' title="bbox 697 2897 2935 2964; baseline -0.001 -14"><span class='ocrx_word' id='word_1_274' title='bbox 697 2899 857 2950; x_wconf 84' lang='lat' dir='ltr'><em>classe</em></span> <span class='ocrx_word' id='word_1_275' title='bbox 893 2901 930 2952; x_wconf 82' lang='lat'>4</span> <span class='ocrx_word' id='word_1_276' title='bbox 978 2900 1045 2964; x_wconf 81' lang='lat' dir='ltr'><em>(v.</em></span> <span class='ocrx_word' id='word_1_277' title='bbox 1093 2916 1150 2964; x_wconf 88' lang='grc' dir='ltr'><em>Ρ.</em></span> <span class='ocrx_word' id='word_1_278' title='bbox 1195 2897 1438 2962; x_wconf 88' lang='lat' dir='ltr'><em>XXXV,</em></span> <span class='ocrx_word' id='word_1_279' title='bbox 1476 2899 1582 2964; x_wconf 88' lang='lat'><em>29).</em></span> <span class='ocrx_word' id='word_1_280' title='bbox 1670 2899 1745 2950; x_wconf 80' lang='lat' dir='ltr'><em>At</em></span> <span class='ocrx_word' id='word_1_281' title='bbox 1800 2897 1951 2948; x_wconf 80' lang='lat' dir='ltr'><em>Otloh</em></span> <span class='ocrx_word' id='word_1_282' title='bbox 2001 2904 2097 2949; x_wconf 90' lang='lat' dir='ltr'><em>aut</em></span> <span class='ocrx_word' id='word_1_283' title='bbox 2144 2898 2367 2949; x_wconf 83' lang='lat' dir='ltr'><em>codicem</em></span> <span class='ocrx_word' id='word_1_284' title='bbox 2414 2897 2601 2948; x_wconf 84' lang='lat' dir='ltr'><em>classis</em></span> <span class='ocrx_word' id='word_1_285' title='bbox 2640 2899 2677 2952; x_wconf 88' lang='lat'><strong>4</strong></span> <span class='ocrx_word' id='word_1_286' title='bbox 2724 2899 2935 2950; x_wconf 85' lang='lat' dir='ltr'><em>nostris</em></span> 
     </span>
     <span class='ocr_line' id='line_1_29' title="bbox 688 2969 2929 3035; baseline 0.002 -17"><span class='ocrx_word' id='word_1_287' title='bbox 688 2972 1140 3035; x_wconf 78' lang='lat' dir='ltr'><em>praestantiorem</em></span> <span class='ocrx_word' id='word_1_288' title='bbox 1178 2969 1422 3020; x_wconf 80' lang='lat' dir='ltr'><em>adhibuit</em></span> <span class='ocrx_word' id='word_1_289' title='bbox 1455 2976 1552 3020; x_wconf 89' lang='lat' dir='ltr'><em>aut</em></span> <span class='ocrx_word' id='word_1_290' title='bbox 1585 2970 1817 3020; x_wconf 87' lang='lat' dir='ltr'><em>alterum</em></span> <span class='ocrx_word' id='word_1_291' title='bbox 1854 2969 2052 3020; x_wconf 86' lang='lat' dir='ltr'><em>librum</em></span> <span class='ocrx_word' id='word_1_292' title='bbox 2088 2969 2286 3020; x_wconf 84' lang='lat' dir='ltr'><em>diversi</em></span> <span class='ocrx_word' id='word_1_293' title='bbox 2314 2971 2523 3034; x_wconf 70' lang='lat' dir='ltr'><em>⁴‹Jeneris</em></span> <span class='ocrx_word' id='word_1_294' title='bbox 2558 2970 2775 3021; x_wconf 87' lang='lat' dir='ltr'><em>contulit</em></span> <span class='ocrx_word' id='word_1_295' title='bbox 2786 2987 2804 3028; x_wconf 88' lang='lat'><strong><em>;</em></strong></span> <span class='ocrx_word' id='word_1_296' title='bbox 2854 2970 2929 3032; x_wconf 79' lang='lat' dir='ltr'><em>cf.</em></span> 
     </span>
     <span class='ocr_line' id='line_1_30' title="bbox 707 3039 2927 3109; baseline 0.001 -17"><span class='ocrx_word' id='word_1_297' title='bbox 707 3041 900 3093; x_wconf 88' lang='lat' dir='ltr'><em>Willib.</em></span> <span class='ocrx_word' id='word_1_298' title='bbox 927 3057 966 3093; x_wconf 90' lang='lat' dir='ltr'><em>c.</em></span> <span class='ocrx_word' id='word_1_299' title='bbox 994 3043 1029 3094; x_wconf 91' lang='lat'>4</span> <span class='ocrx_word' id='word_1_300' title='bbox 1054 3044 1130 3108; x_wconf 85' lang='lat' dir='ltr'><em>(p.</em></span> <span class='ocrx_word' id='word_1_301' title='bbox 1159 3043 1243 3106; x_wconf 91' lang='lat'><em>15,</em></span> <span class='ocrx_word' id='word_1_302' title='bbox 1271 3042 1366 3104; x_wconf 92' lang='lat'><em>25)</em></span> <span class='ocrx_word' id='word_1_303' title='bbox 1381 3057 1401 3090; x_wconf 89' lang='lat'><em>.·</em></span> <span class='ocrx_word' id='word_1_304' title='bbox 1426 3039 1767 3109; x_wconf 75' lang='lat' dir='ltr'><em>adoptatum]</em></span> <span class='ocrx_word' id='word_1_305' title='bbox 1794 3043 2045 3107; x_wconf 75' lang='lat' dir='ltr'><em>optatum</em></span> <span class='ocrx_word' id='word_1_306' title='bbox 2070 3041 2257 3090; x_wconf 86' lang='lat' dir='ltr'><em>classis</em></span> <span class='ocrx_word' id='word_1_307' title='bbox 2282 3042 2317 3094; x_wconf 92' lang='lat'>4</span> <span class='ocrx_word' id='word_1_308' title='bbox 2340 3041 2412 3104; x_wconf 83' lang='lat' dir='ltr'><em>(v.</em></span> <span class='ocrx_word' id='word_1_309' title='bbox 2429 3057 2491 3106; x_wconf 89' lang='lat' dir='ltr'><em>p.</em></span> <span class='ocrx_word' id='word_1_310' title='bbox 2516 3039 2791 3106; x_wconf 88' lang='lat' dir='ltr'><em>XXXIV,</em></span> <span class='ocrx_word' id='word_1_311' title='bbox 2810 3041 2927 3106; x_wconf 88' lang='lat'><em>33),</em></span> 
     </span>
     <span class='ocr_line' id='line_1_31' title="bbox 698 3109 3025 3178; baseline -0 -16"><span class='ocrx_word' id='word_1_312' title='bbox 698 3109 959 3177; x_wconf 77' lang='lat' dir='ltr'><em>adoptato</em></span> <span class='ocrx_word' id='word_1_313' title='bbox 1020 3110 1170 3164; x_wconf 79' lang='lat' dir='ltr'><em>Otloh</em></span> <span class='ocrx_word' id='word_1_314' title='bbox 1226 3111 1272 3176; x_wconf 88' lang='lat' dir='ltr'><em>I,</em></span> <span class='ocrx_word' id='word_1_315' title='bbox 1325 3113 1359 3164; x_wconf 98' lang='lat'>5</span> <span class='ocrx_word' id='word_1_316' title='bbox 1415 3120 1492 3178; x_wconf 91' lang='lat' dir='ltr'><em>(p.</em></span> <span class='ocrx_word' id='word_1_317' title='bbox 1547 3114 1669 3177; x_wconf 91' lang='grc'>121,</span> <span class='ocrx_word' id='word_1_318' title='bbox 1706 3114 1801 3177; x_wconf 83' lang='grc'>4),·</span> <span class='ocrx_word' id='word_1_319' title='bbox 1858 3111 2000 3163; x_wconf 89' lang='lat' dir='ltr'><em>Will.</em></span> <span class='ocrx_word' id='word_1_320' title='bbox 2055 3127 2095 3164; x_wconf 87' lang='lat' dir='ltr'><em>c.</em></span> <span class='ocrx_word' id='word_1_321' title='bbox 2148 3113 2182 3164; x_wconf 97' lang='lat'>5</span> <span class='ocrx_word' id='word_1_322' title='bbox 2237 3119 2317 3176; x_wconf 92' lang='lat' dir='ltr'><em>(p.</em></span> <span class='ocrx_word' id='word_1_323' title='bbox 2370 3112 2460 3178; x_wconf 83' lang='lat'><em>24,</em></span> <span class='ocrx_word' id='word_1_324' title='bbox 2512 3113 2647 3170; x_wconf 85' lang='grc'>20).·</span> <span class='ocrx_word' id='word_1_325' title='bbox 2698 3113 2930 3178; x_wconf 82' lang='lat' dir='ltr'><em>repente</em></span> <span class='ocrx_word' id='word_1_326' title='bbox 2970 3122 3025 3161; x_wconf 77' lang='lat'><em>30</em></span> 
     </span>
     <span class='ocr_line' id='line_1_32' title="bbox 697 3181 2931 3250; baseline 0 -18"><span class='ocrx_word' id='word_1_327' title='bbox 697 3183 974 3250; x_wconf 86' lang='lat' dir='ltr'><em>respuens]</em></span> <span class='ocrx_word' id='word_1_328' title='bbox 1012 3182 1117 3234; x_wconf 89' lang='lat' dir='ltr'><em>hoc</em></span> <span class='ocrx_word' id='word_1_329' title='bbox 1152 3198 1424 3234; x_wconf 82' lang='lat' dir='ltr'><em>rennuens</em></span> <span class='ocrx_word' id='word_1_330' title='bbox 1461 3183 1653 3234; x_wconf 80' lang='lat' dir='ltr'><em>classes</em></span> <span class='ocrx_word' id='word_1_331' title='bbox 1687 3184 1738 3237; x_wconf 88' lang='lat'><em>4.</em></span> <span class='ocrx_word' id='word_1_332' title='bbox 1779 3185 1813 3238; x_wconf 86' lang='lat'>5</span> <span class='ocrx_word' id='word_1_333' title='bbox 1847 3183 1915 3248; x_wconf 84' lang='lat' dir='ltr'><em>(v.</em></span> <span class='ocrx_word' id='word_1_334' title='bbox 1948 3201 2003 3249; x_wconf 88' lang='lat' dir='ltr'><em>p.</em></span> <span class='ocrx_word' id='word_1_335' title='bbox 2031 3181 2305 3246; x_wconf 86' lang='lat' dir='ltr'><em>XXXIV,</em></span> <span class='ocrx_word' id='word_1_336' title='bbox 2330 3183 2439 3248; x_wconf 84' lang='lat'><em>20),</em></span> <span class='ocrx_word' id='word_1_337' title='bbox 2476 3198 2735 3248; x_wconf 80' lang='lat' dir='ltr'><em>respuens</em></span> <span class='ocrx_word' id='word_1_338' title='bbox 2774 3181 2931 3234; x_wconf 82' lang='lat' dir='ltr'><em>Otloh</em></span> 
     </span>
    </p>

    <p class='ocr_par' dir='ltr' id='par_1_4' title="bbox 697 3251 2931 3392">
     <span class='ocr_line' id='line_1_33' title="bbox 698 3251 2931 3321; baseline 0 -13"><span class='ocrx_word' id='word_1_339' title='bbox 698 3252 744 3319; x_wconf 88' lang='lat' dir='ltr'><em>I,</em></span> <span class='ocrx_word' id='word_1_340' title='bbox 787 3258 854 3308; x_wconf 89' lang='grc'><em>10</em></span> <span class='ocrx_word' id='word_1_341' title='bbox 890 3256 966 3320; x_wconf 89' lang='grc' dir='ltr'><em>(Ρ.</em></span> <span class='ocrx_word' id='word_1_342' title='bbox 1009 3256 1129 3320; x_wconf 89' lang='grc'>125,</span> <span class='ocrx_word' id='word_1_343' title='bbox 1171 3255 1264 3310; x_wconf 87' lang='grc'>14)</span> <span class='ocrx_word' id='word_1_344' title='bbox 1278 3269 1302 3316; x_wconf 91' lang='lat'><em>;</em></span> <span class='ocrx_word' id='word_1_345' title='bbox 1341 3253 1482 3306; x_wconf 85' lang='lat' dir='ltr'><em>Will.</em></span> <span class='ocrx_word' id='word_1_346' title='bbox 1523 3268 1563 3303; x_wconf 89' lang='lat' dir='ltr'><em>c.</em></span> <span class='ocrx_word' id='word_1_347' title='bbox 1604 3256 1635 3306; x_wconf 89' lang='grc'><strong>6</strong></span> <span class='ocrx_word' id='word_1_348' title='bbox 1674 3261 1751 3320; x_wconf 91' lang='lat' dir='ltr'><em>(p.</em></span> <span class='ocrx_word' id='word_1_349' title='bbox 1788 3255 1876 3318; x_wconf 84' lang='lat'><em>34,</em></span> <span class='ocrx_word' id='word_1_350' title='bbox 1915 3256 2038 3313; x_wconf 81' lang='grc'>17);</span> <span class='ocrx_word' id='word_1_351' title='bbox 2078 3251 2346 3320; x_wconf 80' lang='lat' dir='ltr'><em>Gregorio</em></span> <span class='ocrx_word' id='word_1_352' title='bbox 2384 3252 2641 3321; x_wconf 81' lang='lat' dir='ltr'><em>secundo]</em></span> <span class='ocrx_word' id='word_1_353' title='bbox 2680 3269 2785 3307; x_wconf 76' lang='lat' dir='ltr'><em>sec.</em></span> <span class='ocrx_word' id='word_1_354' title='bbox 2825 3269 2931 3308; x_wconf 78' lang='lat' dir='ltr'><em>om‚</em></span> 
     </span>
     <span class='ocr_line' id='line_1_34' title="bbox 697 3323 2927 3392; baseline 0 -16"><span class='ocrx_word' id='word_1_355' title='bbox 697 3326 890 3376; x_wconf 87' lang='lat' dir='ltr'><em>classes</em></span> <span class='ocrx_word' id='word_1_356' title='bbox 912 3328 962 3379; x_wconf 91' lang='lat'><em>4.</em></span> <span class='ocrx_word' id='word_1_357' title='bbox 1002 3327 1036 3380; x_wconf 88' lang='lat'>5</span> <span class='ocrx_word' id='word_1_358' title='bbox 1071 3328 1142 3390; x_wconf 80' lang='lat' dir='ltr'><em>(v.</em></span> <span class='ocrx_word' id='word_1_359' title='bbox 1177 3343 1232 3392; x_wconf 90' lang='grc' dir='ltr'><em>Ρ.</em></span> <span class='ocrx_word' id='word_1_360' title='bbox 1258 3323 1530 3390; x_wconf 90' lang='lat' dir='ltr'><em>XXXIV,</em></span> <span class='ocrx_word' id='word_1_361' title='bbox 1555 3327 1672 3391; x_wconf 90' lang='lat'><em>23),</em></span> <span class='ocrx_word' id='word_1_362' title='bbox 1711 3325 1864 3376; x_wconf 80' lang='lat' dir='ltr'><em>habet</em></span> <span class='ocrx_word' id='word_1_363' title='bbox 1904 3323 2057 3376; x_wconf 81' lang='lat' dir='ltr'><em>Otloh</em></span> <span class='ocrx_word' id='word_1_364' title='bbox 2092 3325 2139 3390; x_wconf 91' lang='lat' dir='ltr'><em>I,</em></span> <span class='ocrx_word' id='word_1_365' title='bbox 2168 3326 2236 3378; x_wconf 89' lang='lat'><em>26</em></span> <span class='ocrx_word' id='word_1_366' title='bbox 2274 3326 2354 3392; x_wconf 89' lang='grc' dir='ltr'><em>(Ρ.</em></span> <span class='ocrx_word' id='word_1_367' title='bbox 2385 3327 2505 3390; x_wconf 88' lang='grc'>138,</span> <span class='ocrx_word' id='word_1_368' title='bbox 2533 3326 2625 3386; x_wconf 88' lang='grc'><em>18)</em></span> <span class='ocrx_word' id='word_1_369' title='bbox 2646 3340 2779 3375; x_wconf 81' lang='lat' dir='ltr'><em>cum</em></span> <span class='ocrx_word' id='word_1_370' title='bbox 2807 3325 2927 3378; x_wconf 84' lang='lat' dir='ltr'><em>rell.</em></span> 
     </span>
    </p>

    <p class='ocr_par' dir='ltr' id='par_1_5' title="bbox 691 3394 3021 4529">
     <span class='ocr_line' id='line_1_35' title="bbox 699 3394 2931 3461; baseline -0.002 -11"><span class='ocrx_word' id='word_1_371' title='bbox 699 3398 752 3457; x_wconf 89' lang='lat'><em>3)</em></span> <span class='ocrx_word' id='word_1_372' title='bbox 803 3397 884 3460; x_wconf 82' lang='lat' dir='ltr'><em>Cf.</em></span> <span class='ocrx_word' id='word_1_373' title='bbox 930 3398 1299 3448; x_wconf 83' lang='lat' dir='ltr'><em>contentionem</em></span> <span class='ocrx_word' id='word_1_374' title='bbox 1348 3397 1410 3446; x_wconf 89' lang='lat' dir='ltr'><em>de</em></span> <span class='ocrx_word' id='word_1_375' title='bbox 1457 3411 1675 3461; x_wconf 87' lang='lat' dir='ltr'><em>corpore</em></span> <span class='ocrx_word' id='word_1_376' title='bbox 1710 3397 1978 3460; x_wconf 79' lang='lat' dir='ltr'><em>Bonifatii</em></span> <span class='ocrx_word' id='word_1_377' title='bbox 2020 3396 2256 3446; x_wconf 86' lang='lat' dir='ltr'><em>Traiecti</em></span> <span class='ocrx_word' id='word_1_378' title='bbox 2301 3395 2539 3447; x_wconf 81' lang='lat' dir='ltr'><em>habitam</em></span> <span class='ocrx_word' id='word_1_379' title='bbox 2588 3394 2696 3461; x_wconf 92' lang='lat' dir='ltr'><em>(II,</em></span> <span class='ocrx_word' id='word_1_380' title='bbox 2732 3396 2831 3459; x_wconf 89' lang='grc'><em>29)</em></span> <span class='ocrx_word' id='word_1_381' title='bbox 2880 3401 2931 3447; x_wconf 88' lang='lat' dir='ltr'><em>et</em></span> 
     </span>
     <span class='ocr_line' id='line_1_36' title="bbox 696 3465 3021 3532; baseline -0.002 -13"><span class='ocrx_word' id='word_1_382' title='bbox 696 3469 1103 3519; x_wconf 82' lang='lat' dir='ltr'><em>translationem</em></span> <span class='ocrx_word' id='word_1_383' title='bbox 1135 3469 1418 3532; x_wconf 74' lang='lat' dir='ltr'><em>Moyuntia</em></span> <span class='ocrx_word' id='word_1_384' title='bbox 1453 3466 1689 3517; x_wconf 85' lang='lat' dir='ltr'><em>Fuldam</em></span> <span class='ocrx_word' id='word_1_385' title='bbox 1723 3470 1924 3532; x_wconf 81' lang='lat' dir='ltr'><em>factam</em></span> <span class='ocrx_word' id='word_1_386' title='bbox 1959 3468 2058 3531; x_wconf 88' lang='lat' dir='ltr'><em>(ib.</em></span> <span class='ocrx_word' id='word_1_387' title='bbox 2096 3482 2135 3520; x_wconf 87' lang='lat' dir='ltr'><em>c.</em></span> <span class='ocrx_word' id='word_1_388' title='bbox 2164 3468 2274 3530; x_wconf 90' lang='lat'><em>31).</em></span> <span class='ocrx_word' id='word_1_389' title='bbox 2419 3469 2474 3530; x_wconf 87' lang='lat'><em>4)</em></span> <span class='ocrx_word' id='word_1_390' title='bbox 2509 3467 2603 3520; x_wconf 82' lang='lat' dir='ltr'><em>SS.</em></span> <span class='ocrx_word' id='word_1_391' title='bbox 2639 3465 2723 3532; x_wconf 94' lang='lat' dir='ltr'><em>II,</em></span> <span class='ocrx_word' id='word_1_392' title='bbox 2749 3467 2926 3520; x_wconf 89' lang='grc'>366-</span> <span class='ocrx_word' id='word_1_393' title='bbox 2969 3476 3021 3515; x_wconf 80' lang='lat'><em>35</em></span> 
     </span>
     <span class='ocr_line' id='line_1_37' title="bbox 697 3537 2930 3607; baseline -0.002 -15"><span class='ocrx_word' id='word_1_394' title='bbox 697 3541 818 3592; x_wconf 89' lang='grc'>377.</span> <span class='ocrx_word' id='word_1_395' title='bbox 999 3540 1054 3607; x_wconf 91' lang='lat'><em>5)</em></span> <span class='ocrx_word' id='word_1_396' title='bbox 1105 3539 1386 3590; x_wconf 79' lang='lat' dir='ltr'><em>Auctorem</em></span> <span class='ocrx_word' id='word_1_397' title='bbox 1433 3540 1761 3590; x_wconf 76' lang='lat' dir='ltr'><em>vetustiorem</em></span> <span class='ocrx_word' id='word_1_398' title='bbox 1774 3582 1788 3605; x_wconf 94' lang='lat'><em>,</em></span> <span class='ocrx_word' id='word_1_399' title='bbox 1845 3538 2063 3589; x_wconf 85' lang='lat' dir='ltr'><em>eundem</em></span> <span class='ocrx_word' id='word_1_400' title='bbox 2116 3553 2151 3588; x_wconf 91' lang='lat' dir='ltr'><em>a</em></span> <span class='ocrx_word' id='word_1_401' title='bbox 2198 3537 2519 3603; x_wconf 70' lang='lat' dir='ltr'><em>Moyuntino</em></span> <span class='ocrx_word' id='word_1_402' title='bbox 2564 3537 2714 3588; x_wconf 78' lang='lat' dir='ltr'><em>haud</em></span> <span class='ocrx_word' id='word_1_403' title='bbox 2762 3538 2930 3589; x_wconf 85' lang='lat' dir='ltr'><em>multo</em></span> 
     </span>
     <span class='ocr_line' id='line_1_38' title="bbox 697 3608 2927 3675; baseline 0.001 -17"><span class='ocrx_word' id='word_1_404' title='bbox 697 3610 959 3661; x_wconf 85' lang='lat' dir='ltr'><em>diversum</em></span> <span class='ocrx_word' id='word_1_405' title='bbox 999 3610 1064 3660; x_wconf 90' lang='lat' dir='ltr'><em>ab</em></span> <span class='ocrx_word' id='word_1_406' title='bbox 1105 3608 1290 3661; x_wconf 77' lang='lat' dir='ltr'><em>Otloho</em></span> <span class='ocrx_word' id='word_1_407' title='bbox 1324 3609 1625 3660; x_wconf 80' lang='lat' dir='ltr'><em>adhibitum</em></span> <span class='ocrx_word' id='word_1_408' title='bbox 1674 3625 1779 3662; x_wconf 84' lang='lat' dir='ltr'><em>esse</em></span> <span class='ocrx_word' id='word_1_409' title='bbox 1826 3615 1875 3661; x_wconf 89' lang='lat' dir='ltr'><em>et</em></span> <span class='ocrx_word' id='word_1_410' title='bbox 1910 3608 2066 3675; x_wconf 82' lang='lat' dir='ltr'><em>Jaffe&#39;</em></span> <span class='ocrx_word' id='word_1_411' title='bbox 2101 3626 2161 3675; x_wconf 91' lang='lat' dir='ltr'><em>p.</em></span> <span class='ocrx_word' id='word_1_412' title='bbox 2198 3611 2322 3664; x_wconf 82' lang='lat'><em>427.</em></span> <span class='ocrx_word' id='word_1_413' title='bbox 2371 3615 2417 3660; x_wconf 86' lang='lat' dir='ltr'><em>et</em></span> <span class='ocrx_word' id='word_1_414' title='bbox 2451 3611 2521 3664; x_wconf 83' lang='grc' dir='ltr'><em>Α.</em></span> <span class='ocrx_word' id='word_1_415' title='bbox 2558 3609 2927 3674; x_wconf 73' lang='lat' dir='ltr'><em>Narnberyer,</em></span> 
     </span>
     <span class='ocr_line' id='line_1_39' title="bbox 701 3679 2933 3748; baseline -0.001 -16"><span class='ocrx_word' id='word_1_416' title='bbox 701 3679 1076 3732; x_wconf 81' lang='lat' dir='ltr'><em>Commentatio</em></span> <span class='ocrx_word' id='word_1_417' title='bbox 1103 3699 1160 3748; x_wconf 85' lang='lat' dir='ltr'><em>p.</em></span> <span class='ocrx_word' id='word_1_418' title='bbox 1187 3683 1274 3746; x_wconf 89' lang='lat'><em>26,</em></span> <span class='ocrx_word' id='word_1_419' title='bbox 1311 3682 1765 3735; x_wconf 74' lang='lat' dir='ltr'><em>existimaverunt.</em></span> <span class='ocrx_word' id='word_1_420' title='bbox 1826 3680 1898 3731; x_wconf 78' lang='lat' dir='ltr'><em>At</em></span> <span class='ocrx_word' id='word_1_421' title='bbox 1930 3681 2065 3732; x_wconf 80' lang='lat' dir='ltr'><em>mihi</em></span> <span class='ocrx_word' id='word_1_422' title='bbox 2093 3682 2316 3746; x_wconf 78' lang='lat' dir='ltr'><em>quidem,</em></span> <span class='ocrx_word' id='word_1_423' title='bbox 2354 3686 2575 3746; x_wconf 79' lang='lat' dir='ltr'><em>utroque</em></span> <span class='ocrx_word' id='word_1_424' title='bbox 2609 3687 2757 3732; x_wconf 78' lang='lat' dir='ltr'><em>textu</em></span> <span class='ocrx_word' id='word_1_425' title='bbox 2792 3695 2933 3731; x_wconf 87' lang='lat' dir='ltr'><em>com-</em></span> 
     </span>
     <span class='ocr_line' id='line_1_40' title="bbox 691 3750 2927 3819; baseline 0.001 -17"><span class='ocrx_word' id='word_1_426' title='bbox 691 3757 909 3819; x_wconf 88' lang='lat' dir='ltr'><em>parato,</em></span> <span class='ocrx_word' id='word_1_427' title='bbox 951 3768 1106 3818; x_wconf 78' lang='lat' dir='ltr'><em>aeque</em></span> <span class='ocrx_word' id='word_1_428' title='bbox 1155 3759 1312 3818; x_wconf 80' lang='lat' dir='ltr'><em>atque</em></span> <span class='ocrx_word' id='word_1_429' title='bbox 1353 3750 1410 3804; x_wconf 92' lang='grc' dir='ltr'><em>Ο.</em></span> <span class='ocrx_word' id='word_1_430' title='bbox 1449 3751 1881 3818; x_wconf 73' lang='lat' dir='ltr'><em>Holder-Eyyer</em></span> <span class='ocrx_word' id='word_1_431' title='bbox 1915 3753 2031 3816; x_wconf 89' lang='lat' dir='ltr'><em>(‘N.</em></span> <span class='ocrx_word' id='word_1_432' title='bbox 2069 3751 2251 3806; x_wconf 72' lang='lat' dir='ltr'><em>Arch!</em></span> <span class='ocrx_word' id='word_1_433' title='bbox 2287 3752 2391 3816; x_wconf 91' lang='lat' dir='ltr'><em>IX,</em></span> <span class='ocrx_word' id='word_1_434' title='bbox 2431 3753 2554 3816; x_wconf 89' lang='grc'>293,</span> <span class='ocrx_word' id='word_1_435' title='bbox 2604 3768 2657 3805; x_wconf 85' lang='lat' dir='ltr'><em>n.</em></span> <span class='ocrx_word' id='word_1_436' title='bbox 2694 3753 2757 3811; x_wconf 90' lang='lat'><em>2)</em></span> <span class='ocrx_word' id='word_1_437' title='bbox 2798 3765 2927 3818; x_wconf 81' lang='lat' dir='ltr'><em>per-</em></span> 
     </span>
     <span class='ocr_line' id='line_1_41' title="bbox 696 3821 3021 3890; baseline -0.001 -17"><span class='ocrx_word' id='word_1_438' title='bbox 696 3838 920 3873; x_wconf 86' lang='lat' dir='ltr'><em>suasum</em></span> <span class='ocrx_word' id='word_1_439' title='bbox 968 3829 1041 3874; x_wconf 82' lang='lat' dir='ltr'><em>est</em></span> <span class='ocrx_word' id='word_1_440' title='bbox 1055 3862 1070 3889; x_wconf 95' lang='lat'><em>,</em></span> <span class='ocrx_word' id='word_1_441' title='bbox 1128 3824 1306 3888; x_wconf 85' lang='lat' dir='ltr'><em>ipsam</em></span> <span class='ocrx_word' id='word_1_442' title='bbox 1349 3824 1526 3875; x_wconf 86' lang='lat' dir='ltr'><em>Vitam</em></span> <span class='ocrx_word' id='word_1_443' title='bbox 1573 3823 1946 3888; x_wconf 72' lang='lat' dir='ltr'><em>Moyuntinam</em></span> <span class='ocrx_word' id='word_1_444' title='bbox 1991 3821 2169 3874; x_wconf 80' lang='lat' dir='ltr'><em>Otloho</em></span> <span class='ocrx_word' id='word_1_445' title='bbox 2214 3828 2431 3890; x_wconf 86' lang='lat' dir='ltr'><em>praesto</em></span> <span class='ocrx_word' id='word_1_446' title='bbox 2479 3824 2664 3888; x_wconf 80' lang='lat' dir='ltr'><em>fuisse,</em></span> <span class='ocrx_word' id='word_1_447' title='bbox 2712 3837 2930 3889; x_wconf 78' lang='lat' dir='ltr'><em>eamque</em></span> <span class='ocrx_word' id='word_1_448' title='bbox 2965 3831 3021 3870; x_wconf 76' lang='lat'><em>40</em></span> 
     </span>
     <span class='ocr_line' id='line_1_42' title="bbox 695 3893 2927 3960; baseline 0.001 -16"><span class='ocrx_word' id='word_1_449' title='bbox 695 3894 931 3944; x_wconf 84' lang='lat' dir='ltr'><em>Fuldam</em></span> <span class='ocrx_word' id='word_1_450' title='bbox 958 3895 1232 3959; x_wconf 88' lang='lat' dir='ltr'><em>perlatam</em></span> <span class='ocrx_word' id='word_1_451' title='bbox 1266 3910 1388 3959; x_wconf 84' lang='lat' dir='ltr'><em>esse,</em></span> <span class='ocrx_word' id='word_1_452' title='bbox 1423 3910 1449 3946; x_wconf 91' lang='lat' dir='ltr'><em>e</em></span> <span class='ocrx_word' id='word_1_453' title='bbox 1487 3895 1871 3960; x_wconf 82' lang='lat' dir='ltr'><em>Gompilatione</em></span> <span class='ocrx_word' id='word_1_454' title='bbox 1906 3894 2167 3945; x_wconf 84' lang='lat' dir='ltr'><em>Fuldensi</em></span> <span class='ocrx_word' id='word_1_455' title='bbox 2206 3904 2363 3957; x_wconf 87' lang='lat' dir='ltr'><em>(saec.</em></span> <span class='ocrx_word' id='word_1_456' title='bbox 2398 3893 2534 3958; x_wconf 89' lang='lat' dir='ltr'><em>XV)</em></span> <span class='ocrx_word' id='word_1_457' title='bbox 2582 3894 2927 3958; x_wconf 70' lang='lat' dir='ltr'><em>intelleyitur.</em></span> 
     </span>
     <span class='ocr_line' id='line_1_43' title="bbox 704 3965 2930 4032; baseline -0.001 -15"><span class='ocrx_word' id='word_1_458' title='bbox 704 3965 1029 4018; x_wconf 85' lang='lat' dir='ltr'><em>Vocabulum</em></span> <span class='ocrx_word' id='word_1_459' title='bbox 1070 3965 1324 4031; x_wconf 77' lang='lat' dir='ltr'><em>antiquus</em></span> <span class='ocrx_word' id='word_1_460' title='bbox 1373 3966 1446 4016; x_wconf 88' lang='lat' dir='ltr'><em>ad</em></span> <span class='ocrx_word' id='word_1_461' title='bbox 1495 3967 1730 4032; x_wconf 80' lang='lat' dir='ltr'><em>spatium</em></span> <span class='ocrx_word' id='word_1_462' title='bbox 1781 3967 1983 4032; x_wconf 78' lang='lat' dir='ltr'><em>aliquot</em></span> <span class='ocrx_word' id='word_1_463' title='bbox 2031 3966 2403 4016; x_wconf 78' lang='lat' dir='ltr'><em>decenniorum</em></span> <span class='ocrx_word' id='word_1_464' title='bbox 2449 3966 2679 4029; x_wconf 84' lang='lat' dir='ltr'><em>fortasse</em></span> <span class='ocrx_word' id='word_1_465' title='bbox 2724 3966 2930 4029; x_wconf 75' lang='lat' dir='ltr'><em>referri</em></span> 
     </span>
     <span class='ocr_line' id='line_1_44' title="bbox 699 4034 2930 4101; baseline -0 -13"><span class='ocrx_word' id='word_1_466' title='bbox 699 4038 816 4089; x_wconf 86' lang='lat' dir='ltr'><em>licet</em></span> <span class='ocrx_word' id='word_1_467' title='bbox 850 4041 946 4087; x_wconf 85' lang='lat' dir='ltr'><em>aut</em></span> <span class='ocrx_word' id='word_1_468' title='bbox 986 4035 1140 4088; x_wconf 78' lang='lat' dir='ltr'><em>Otloh</em></span> <span class='ocrx_word' id='word_1_469' title='bbox 1187 4037 1250 4088; x_wconf 84' lang='lat' dir='ltr'><em>de</em></span> <span class='ocrx_word' id='word_1_470' title='bbox 1297 4041 1464 4087; x_wconf 87' lang='lat' dir='ltr'><em>aetate</em></span> <span class='ocrx_word' id='word_1_471' title='bbox 1514 4035 1645 4086; x_wconf 84' lang='lat' dir='ltr'><em>libri</em></span> <span class='ocrx_word' id='word_1_472' title='bbox 1688 4039 1907 4090; x_wconf 86' lang='lat' dir='ltr'><em>erravit.</em></span> <span class='ocrx_word' id='word_1_473' title='bbox 1984 4034 2133 4098; x_wconf 79' lang='lat' dir='ltr'><em>Quod</em></span> <span class='ocrx_word' id='word_1_474' title='bbox 2167 4037 2468 4101; x_wconf 63' lang='lat' dir='ltr'><em>originibus</em></span> <span class='ocrx_word' id='word_1_475' title='bbox 2507 4034 2930 4099; x_wconf 80' lang='lat' dir='ltr'><em>Ordorfensibus</em></span> 
     </span>
     <span class='ocr_line' id='line_1_45' title="bbox 697 4107 2926 4174; baseline -0.001 -16"><span class='ocrx_word' id='word_1_476' title='bbox 697 4108 771 4173; x_wconf 92' lang='lat' dir='ltr'><em>(I,</em></span> <span class='ocrx_word' id='word_1_477' title='bbox 807 4110 903 4166; x_wconf 89' lang='lat'><em>24)</em></span> <span class='ocrx_word' id='word_1_478' title='bbox 939 4109 1173 4159; x_wconf 79' lang='lat' dir='ltr'><em>maxime</em></span> <span class='ocrx_word' id='word_1_479' title='bbox 1219 4107 1438 4172; x_wconf 80' lang='lat' dir='ltr'><em>studuit,</em></span> <span class='ocrx_word' id='word_1_480' title='bbox 1491 4122 1896 4159; x_wconf 86' lang='lat' dir='ltr'><em>commemorare</em></span> <span class='ocrx_word' id='word_1_481' title='bbox 1932 4107 2061 4174; x_wconf 85' lang='lat' dir='ltr'><em>licet,</em></span> <span class='ocrx_word' id='word_1_482' title='bbox 2111 4109 2289 4174; x_wconf 87' lang='lat' dir='ltr'><em>ipsum</em></span> <span class='ocrx_word' id='word_1_483' title='bbox 2330 4123 2565 4173; x_wconf 84' lang='lat' dir='ltr'><em>puerum</em></span> <span class='ocrx_word' id='word_1_484' title='bbox 2614 4107 2762 4172; x_wconf 82' lang='lat' dir='ltr'><em>apud</em></span> <span class='ocrx_word' id='word_1_485' title='bbox 2810 4121 2926 4157; x_wconf 88' lang='lat' dir='ltr'><em>mo-</em></span> 
     </span>
     <span class='ocr_line' id='line_1_46' title="bbox 695 4178 3019 4246; baseline -0.002 -16"><span class='ocrx_word' id='word_1_486' title='bbox 695 4179 895 4230; x_wconf 78' lang='lat' dir='ltr'><em>nachos</em></span> <span class='ocrx_word' id='word_1_487' title='bbox 928 4178 1322 4244; x_wconf 75' lang='lat' dir='ltr'><em>Hersfeldenses</em></span> <span class='ocrx_word' id='word_1_488' title='bbox 1355 4185 1731 4230; x_wconf 86' lang='lat' dir='ltr'><em>commoratum</em></span> <span class='ocrx_word' id='word_1_489' title='bbox 1770 4195 1877 4230; x_wconf 88' lang='lat' dir='ltr'><em>esse</em></span> <span class='ocrx_word' id='word_1_490' title='bbox 1911 4180 2008 4242; x_wconf 89' lang='lat' dir='ltr'><em>(cf.</em></span> <span class='ocrx_word' id='word_1_491' title='bbox 2046 4179 2329 4230; x_wconf 80' lang='lat' dir='ltr'><em>Dilmmler</em></span> <span class='ocrx_word' id='word_1_492' title='bbox 2366 4179 2400 4231; x_wconf 94' lang='lat' dir='ltr'><em>l.</em></span> <span class='ocrx_word' id='word_1_493' title='bbox 2442 4179 2477 4229; x_wconf 86' lang='lat' dir='ltr'><em>l.</em></span> <span class='ocrx_word' id='word_1_494' title='bbox 2522 4197 2577 4246; x_wconf 88' lang='lat' dir='ltr'><em>p.</em></span> <span class='ocrx_word' id='word_1_495' title='bbox 2618 4180 2799 4243; x_wconf 83' lang='lat'><em>1073),</em></span> <span class='ocrx_word' id='word_1_496' title='bbox 2853 4179 2928 4228; x_wconf 88' lang='lat' dir='ltr'><em>ad</em></span> <span class='ocrx_word' id='word_1_497' title='bbox 2962 4186 3019 4226; x_wconf 73' lang='lat'><em>45</em></span> 
     </span>
     <span class='ocr_line' id='line_1_47' title="bbox 695 4249 2925 4317; baseline 0.002 -17"><span class='ocrx_word' id='word_1_498' title='bbox 695 4266 824 4317; x_wconf 79' lang='lat' dir='ltr'><em>quos</em></span> <span class='ocrx_word' id='word_1_499' title='bbox 879 4250 1064 4301; x_wconf 88' lang='lat' dir='ltr'><em>cellula</em></span> <span class='ocrx_word' id='word_1_500' title='bbox 1116 4250 1219 4301; x_wconf 87' lang='lat' dir='ltr'><em>illa</em></span> <span class='ocrx_word' id='word_1_501' title='bbox 1272 4255 1397 4300; x_wconf 87' lang='lat' dir='ltr'><em>tunc</em></span> <span class='ocrx_word' id='word_1_502' title='bbox 1441 4251 1746 4314; x_wconf 86' lang='lat' dir='ltr'><em>pertinebat</em></span> <span class='ocrx_word' id='word_1_503' title='bbox 1799 4251 1891 4316; x_wconf 90' lang='lat' dir='ltr'><em>(cf.</em></span> <span class='ocrx_word' id='word_1_504' title='bbox 1943 4249 2223 4316; x_wconf 84' lang='lat' dir='ltr'><em>Lamperti</em></span> <span class='ocrx_word' id='word_1_505' title='bbox 2270 4250 2507 4301; x_wconf 79' lang='lat' dir='ltr'><em>Annales</em></span> <span class='ocrx_word' id='word_1_506' title='bbox 2562 4265 2611 4303; x_wconf 90' lang='lat' dir='ltr'><em>a.</em></span> <span class='ocrx_word' id='word_1_507' title='bbox 2662 4251 2791 4314; x_wconf 87' lang='grc'>980,</span> <span class='ocrx_word' id='word_1_508' title='bbox 2846 4249 2925 4304; x_wconf 88' lang='lat' dir='ltr'><em>ed.</em></span> 
     </span>
     <span class='ocr_line' id='line_1_48' title="bbox 696 4320 2928 4387; baseline 0 -15"><span class='ocrx_word' id='word_1_509' title='bbox 696 4321 1139 4387; x_wconf 70' lang='lat' dir='ltr'><em>Holder-Eyyer</em></span> <span class='ocrx_word' id='word_1_510' title='bbox 1178 4337 1236 4387; x_wconf 87' lang='grc' dir='ltr'><em>Ρ.</em></span> <span class='ocrx_word' id='word_1_511' title='bbox 1274 4322 1376 4380; x_wconf 87' lang='grc'>44,·</span> <span class='ocrx_word' id='word_1_512' title='bbox 1423 4321 1771 4371; x_wconf 82' lang='lat' dir='ltr'><em>Breviarium</em></span> <span class='ocrx_word' id='word_1_513' title='bbox 1811 4321 1977 4384; x_wconf 78' lang='lat' dir='ltr'><em>Lulli,</em></span> <span class='ocrx_word' id='word_1_514' title='bbox 2028 4321 2104 4374; x_wconf 88' lang='lat' dir='ltr'><em>ed.</em></span> <span class='ocrx_word' id='word_1_515' title='bbox 2155 4320 2409 4384; x_wconf 85' lang='lat' dir='ltr'><em>Landau,</em></span> <span class='ocrx_word' id='word_1_516' title='bbox 2459 4321 2788 4385; x_wconf 77' lang='lat' dir='ltr'><em>‘Zeitschrift</em></span> <span class='ocrx_word' id='word_1_517' title='bbox 2836 4321 2928 4372; x_wconf 80' lang='lat' dir='ltr'><em>des</em></span> 
     </span>
     <span class='ocr_line' id='line_1_49' title="bbox 709 4390 2927 4458; baseline -0 -16"><span class='ocrx_word' id='word_1_518' title='bbox 709 4391 926 4444; x_wconf 85' lang='lat' dir='ltr'><em>Vereins</em></span> <span class='ocrx_word' id='word_1_519' title='bbox 960 4394 1064 4456; x_wconf 72' lang='lat' dir='ltr'><em>fiir</em></span> <span class='ocrx_word' id='word_1_520' title='bbox 1096 4392 1350 4444; x_wconf 79' lang='lat' dir='ltr'><em>hessische</em></span> <span class='ocrx_word' id='word_1_521' title='bbox 1389 4390 1711 4443; x_wconf 76' lang='lat' dir='ltr'><em>Geschichte’</em></span> <span class='ocrx_word' id='word_1_522' title='bbox 1743 4391 1818 4457; x_wconf 90' lang='lat' dir='ltr'><em>X,</em></span> <span class='ocrx_word' id='word_1_523' title='bbox 1857 4393 2013 4458; x_wconf 90' lang='grc'>1865,</span> <span class='ocrx_word' id='word_1_524' title='bbox 2042 4408 2101 4457; x_wconf 96' lang='grc' dir='ltr'><em>Ρ.</em></span> <span class='ocrx_word' id='word_1_525' title='bbox 2143 4394 2243 4447; x_wconf 92' lang='grc'>187</span> <span class='ocrx_word' id='word_1_526' title='bbox 2255 4408 2280 4455; x_wconf 88' lang='grc'>,·</span> <span class='ocrx_word' id='word_1_527' title='bbox 2316 4391 2663 4456; x_wconf 82' lang='lat' dir='ltr'><em>Dobeneclcer,</em></span> <span class='ocrx_word' id='word_1_528' title='bbox 2700 4391 2927 4457; x_wconf 75' lang='lat' dir='ltr'><em>Reyesta</em></span> 
     </span>
     <span class='ocr_line' id='line_1_50' title="bbox 704 4463 1695 4529; baseline 0.004 -16"><span class='ocrx_word' id='word_1_529' title='bbox 704 4463 1039 4528; x_wconf 74' lang='lat' dir='ltr'><em>Thu-rinyiae</em></span> <span class='ocrx_word' id='word_1_530' title='bbox 1065 4463 1111 4529; x_wconf 90' lang='lat' dir='ltr'><em>I,</em></span> <span class='ocrx_word' id='word_1_531' title='bbox 1148 4480 1200 4517; x_wconf 88' lang='lat' dir='ltr'><em>n.</em></span> <span class='ocrx_word' id='word_1_532' title='bbox 1228 4465 1347 4518; x_wconf 87' lang='lat'><em>516.</em></span> <span class='ocrx_word' id='word_1_533' title='bbox 1388 4465 1508 4517; x_wconf 88' lang='grc'>629.</span> <span class='ocrx_word' id='word_1_534' title='bbox 1549 4465 1695 4522; x_wconf 87' lang='grc'>793).</span> 
     </span>
    </p>
   </div>
  </div>
 </body>
</html>
