3167 5192
1125 472 1586 531 PRAEFATIO.
2275 477 2470 535 XLIX

239 654 524 721 Traiecti
570 655 646 719 de
689 654 827 736 ipso
872 653 1217 733 Bonifatio
1263 656 1625 737 opusculum
1670 656 2071 739 compositum
2118 664 2223 739 est,
2286 666 2469 759 atque

231 746 400 824 quod
471 744 684 809 Vitam
751 742 1055 825 Greyorii
1109 742 1327 824 potius
1391 745 1703 809 sermonis
1760 745 2140 828 paneyyrici
2204 748 2469 847 speciem

231 834 464 898 habere
521 838 897 897 monuerunt
917 832 940 870 1
999 852 1190 913 quam
1257 832 1563 898 curriculi
1630 833 1813 915 vitae,
1882 834 1957 900 id
2010 836 2202 900 multo
2261 837 2468 919 mayis

231 923 320 986 ad
378 921 593 987 Vitam
659 920 990 1001 Bonifatii
1044 920 1504 986 Traiectensem
1567 923 1867 1005 pertinet.
1988 923 2145 989 Cum
2212 932 2467 991 sanctus

163 1036 194 1074 5
229 1010 574 1075 Martinus
619 1045 704 1053 —
750 1010 872 1074 ille
918 1010 1045 1075 flos
1091 1015 1326 1076 noster
1369 1012 1874 1094 pulcherrimus
1914 1048 1995 1055 —-
2036 1019 2094 1077 et
2136 1012 2212 1077 in
2255 1014 2466 1093 fronte

230 1105 289 1162 et
345 1098 422 1163 in
481 1100 646 1164 calce
706 1098 891 1163 Vitae
935 1098 1311 1198 praecipuis
1368 1099 1664 1165 laudibus
1722 1101 1922 1165 elatus
1980 1099 2081 1181 sit,
2144 1102 2467 1168 celebratis

228 1186 482 1253 sedibus
533 1186 988 1269 episcopalibus
1045 1185 1292 1251 nomini
1351 1187 1486 1253 eius
1545 1188 1753 1254 sacris
1805 1190 2162 1255 Turonensi
2220 1196 2279 1255 et
2320 1191 2465 1255 Mo

223 1276 502 1357 yuntina
547 1282 605 1340 et
640 1274 1034 1341 Traiectensi
1054 1278 1095 1357 2,
1145 1296 1400 1357 cumque
1444 1277 1675 1341 merita
1708 1277 2041 1356 Bonifatii
2086 1280 2161 1343 de
2206 1279 2467 1345 ecclesia

234 1364 632 1430 Traiectensi
676 1371 896 1430 auctor
928 1364 1226 1446 pluribus
1262 1364 1468 1429 verbis
1505 1366 1867 1431 laudaverit
1882 1368 1923 1448 3,
1973 1388 2229 1449 cumque
2262 1367 2338 1433 in
2372 1389 2463 1433 re·

132 1480 188 1517 10
220 1452 411 1535 yione
456 1475 583 1536 qua
627 1461 884 1519 sanctus
943 1453 1182 1518 occisus
1240 1459 1394 1534 erat,
1457 1453 1516 1518 si
1575 1475 1703 1536 qua
1748 1454 2083 1520 scribenda
2127 1456 2459 1538 inveniret,

130 1940 182 1978 15

125 2829 179 2867 25

121 4073 176 4111 40

223 1541 635 1624 inquisiverit
647 1544 691 1625 4,
739 1542 950 1623 ipsum
987 1541 1279 1607 ecclesiae
1316 1542 1383 1607 S.
1416 1541 1709 1608 Martini
1747 1542 2140 1609 Traiectensi
2184 1545 2462 1627 adscrip-

223 1637 359 1695 tum
405 1640 534 1697 esse
577 1632 713 1697 iam
757 1630 1205 1696 Henschenius
1248 1630 1391 1695 iure
1437 1631 1700 1697 coniecit
1716 1632 1759 1695 ⁵.

456 1738 606 1803 Vita
650 1744 858 1803 autem
902 1737 976 1802 in
1009 1736 1516 1819 praescriptione
1561 1737 1795 1804 codicis
1835 1738 2119 1804 Gothani
2151 1736 2360 1820 (nobis
2395 1738 2457 1822 1)

221 1826 464 1892 dicitur
508 1829 765 1912 scripta
810 1850 852 1891 a
897 1828 1273 1892 Rabodone
1304 1827 1762 1893 Traiectensis
1810 1827 2095 1893 ecclesie
2140 1829 2459 1914 episcopo

221 1918 314 1979 ad
349 1916 760 1982 Fuldensem
810 1917 1153 1981 abbatem.
1246 1915 1597 1981 Radbodus
1641 1915 1809 1981 inter
1868 1938 1929 1981 a.
1981 1922 2129 1981 899.
2192 1923 2249 1981 et
2307 1923 2457 1981 917.

221 2004 360 2069 sedi
423 2004 526 2069 illi
577 2011 884 2087 praeerat
900 2006 942 2086 ⁶,
1008 2003 1378 2069 Martinum
1441 2003 1628 2085 quasi
1688 2002 2041 2088 ‘specialem
2085 2006 2459 2089 patronum'

219 2095 647 2159 venerabatur
668 2095 706 2175 ⁷,
796 2092 1287 2161 Willibrordum
1365 2100 1551 2174 atque
1625 2092 2041 2172 Bonifatium
2116 2094 2461 2159 decessores

221 2188 473 2247 sanctos
515 2189 778 2264 praeter
821 2188 1050 2247 ceteros
1093 2181 1441 2247 imitandos
1493 2182 1621 2247 sibi
1662 2189 2085 2264 proposuerat
2100 2184 2143 2245 ⁸.
2248 2182 2460 2247 Vitam

219 2270 426 2352 iyitur
467 2270 803 2350 Bonifatii
847 2270 1144 2336 laudibus
1188 2270 1484 2336 Martini
1533 2270 1829 2336 ornatam
1878 2292 2017 2336 cum
2061 2270 2291 2336 studiis
2336 2271 2458 2353 epi-

218 2359 395 2441 scopi
443 2359 772 2425 convenire
817 2366 1074 2441 constat,
1124 2358 1234 2441 qui
1279 2358 1623 2441 bioyrapho
1667 2366 1813 2425 teste
1826 2361 1851 2399 ⁹
1897 2361 2457 2444 praecedentium

220 2453 503 2532 patrum
549 2450 897 2515 sitibunde
932 2450 1343 2514 inhaerebat
1379 2449 1726 2533 exemplis,
1776 2450 2173 2514 memoriam
2222 2471 2457 2514 eorum

220 2560 410 2603 nunc
455 2538 702 2621 legere,
751 2560 935 2603 nunc
983 2538 1222 2603 audire
1261 2538 1373 2603 vel
1410 2538 1754 2621 colloquia
1784 2538 1895 2603 vel
1931 2538 2103 2622 ipse
2144 2559 2457 2622 compo-

221 2648 417 2692 nere
451 2648 715 2711 semper
745 2627 1236 2704 insaturabiliS,
1277 2627 1445 2709 quin
1483 2630 1554 2691 et
1592 2627 1791 2711 ipsis
1830 2627 2161 2690 laudum
2198 2626 2455 2691 flores

221 2719 304 2779 et
353 2738 763 2800 ymnorum
815 2721 1247 2781 contexere
1267 2715 1338 2793 1⁰,
1386 2715 1628 2779 laudes
1660 2716 1793 2780 Dei
1838 2715 2159 2779 laudibus
2198 2736 2455 2779 eorum-

220 2826 357 2887 que
419 2805 766 2869 solemniis
827 2806 1098 2869 addere.
1191 2802 1524 2868 Dictiones
1586 2824 1823 2885 quoque
1883 2802 2066 2869 Vitae
2122 2802 2458 2881 Bonifatii

222 2888 465 2974 (Bon.)
504 2914 641 2957 cum
678 2892 896 2957 ceteris
932 2892 1248 2974 opusculis
1277 2892 1579 2957 Radbodi
1614 2912 1981 2973 comparare
2016 2891 2174 2974 licet,
2220 2891 2458 2957 scilicet

218 3003 364 3046 cum
423 2981 810 3047 sermonibus
868 2983 944 3046 de
987 2981 1444 3063 Amalberyall
1505 2979 1741 3062 (Am),
1803 2980 2161 3046 Lebuinol²
2214 2976 2453 3063 (Leb.)‚

219 3210 276 3274 1)
327 3208 769 3275 Holder-E'yyer
817 3210 853 3263 l.
890 3210 924 3262 l.
969 3226 1029 3276 Ρ.
1069 3209 1155 3263 64.
1369 3208 1424 3277 2)
1479 3210 1538 3263 V.
1590 3208 1671 3260 II.
1721 3209 1999 3271 Bonifatii
2047 3223 2088 3262 c.
2127 3212 2177 3263 3.
2230 3210 2315 3263 22.
2367 3210 2453 3263 23.

215 3280 274 3347 3)
313 3280 397 3332 Ib.
436 3294 475 3333 c.
504 3283 552 3334 7.
591 3283 640 3336 9.
682 3283 766 3335 13.
910 3279 964 3347 4)
1001 3280 1084 3333 Ib.
1121 3296 1162 3335 e.
1204 3281 1286 3335 16.
1446 3279 1503 3348 5)
1540 3280 1605 3333 L.
1642 3280 1677 3333 l.
1712 3298 1767 3347 p.
1792 3282 1915 3334 453.
2060 3278 2115 3348 6)
2153 3280 2235 3331 De
2268 3294 2373 3346 quo
2406 3296 2452 3333 v.

227 3352 292 3404 V.
317 3350 572 3403 Radbodi
605 3351 710 3417 (ed.
735 3350 1192 3417 Holder-quer,
1229 3351 1327 3404 SS.
1351 3350 1484 3416 XV,
1509 3351 1846 3415 568-571c)
1860 3367 1885 3413 ,·
1922 3350 2179 3403 ‘Histoire
2215 3350 2455 3402 litdraire

216 3424 282 3473 de
317 3423 374 3472 la
410 3422 646 3473 France'
686 3422 780 3489 VI,
817 3424 918 3478 158
941 3438 1086 3490 sqq.,·
1121 3423 1191 3474 Α.
1215 3421 1396 3487 Ebert,
1439 3422 1642 3475 ‘Ges-ch.
1680 3422 1777 3473 der
1812 3421 2099 3473 Literatuo·
2132 3422 2221 3472 des
2256 3422 2455 3472 Mittel-

217 3494 404 3545 alters’
428 3494 538 3559 ΙΙΙ,
567 3494 725 3558 1887,
754 3510 812 3559 Ρ.
839 3496 944 3549 184
959 3509 1070 3560 sqq.
1081 3510 1108 3557 ,·
1131 3492 1193 3548 P.
1219 3509 1320 3545 von
1341 3492 1676 3557 Winterfeld,
1710 3492 1840 3547 Ma.
1865 3492 2056 3545 Poetae
2086 3492 2190 3559 IV,
2220 3494 2323 3548 160
2339 3508 2454 3558 sq.,·

226 3564 594 3631 Wattenbach,
635 3564 785 3627 ‘GQJ
824 3563 909 3630 1⁷,
945 3566 1051 3619 320
1075 3580 1151 3631 sq.
1297 3563 1350 3632 7)
1393 3563 1454 3617 V.
1481 3563 1728 3615 Radbodi
1760 3580 1801 3618 c.
1836 3566 1869 3618 6
1905 3565 1983 3629 (Ρ.
2011 3565 2141 3621 571)
2151 3579 2176 3626 ,·
2211 3566 2277 3628 cf.
2316 3578 2357 3617 c.
2386 3565 2453 3617 12

216 3636 293 3703 (Ρ.
348 3637 518 3701 5710).
609 3636 975 3687 Reverentiam
1027 3635 1270 3687 Mar-tino
1333 3651 1368 3685 a
1421 3635 1677 3687 Radbodo
1734 3635 1973 3686 habitam
2032 3636 2285 3701 opuscula
2342 3636 2454 3685 eius

215 3712 501 3771 testantur,
535 3708 648 3760 scil.
690 3707 900 3758 libellus
933 3708 998 3757 de
1031 3708 1293 3758 miraculo
1326 3706 1467 3757 beati
1498 3706 1736 3757 Martini
1770 3705 1890 3770 (SS.
1916 3705 2045 3771 XV,
2074 3708 2125 3771 2,
2158 3723 2214 3772 Ρ.
2245 3707 2454 3761 1240—

213 3780 331 3844 44),
371 3779 610 3844 officium
645 3776 703 3829 in
738 3776 1093 3829 translatione
1129 3776 1302 3829 sancti
1338 3774 1584 3843 Martini,
1620 3780 1867 3828 carmina
1902 3775 2117 3841 (Poetae
2146 3776 2251 3843 IV,
2279 3778 2454 3831 162-

215 3847 405 3915 165b).
624 3848 677 3917 8)
728 3848 787 3901 V.
839 3848 1085 3900 Radbodi
1133 3864 1172 3902 c.
1212 3851 1246 3903 5
1295 3852 1372 3915 (Ρ.
1411 3849 1560 3913 571).
1777 3849 1831 3915 9)
1886 3846 1967 3901 Ib.
2020 3862 2061 3901 o.
2101 3850 2134 3902 6
2184 3850 2261 3913 (Ρ.
2305 3849 2451 3907 571).

217 3921 310 3986 10)
352 3920 592 3971 Iohanne
625 3921 689 3971 de
725 3919 878 3971 Belca
913 3923 1038 3971 teste
1073 3920 1400 3984 (Chronicon
1435 3920 1513 3973 ed.
1553 3918 1857 3984 Buchelius,
1894 3920 2051 3984 1643,
2081 3936 2141 3985 p.
2169 3921 2265 3984 32)
2300 3917 2451 3968 Rad-

214 3990 385 4041 bodus
419 3989 581 4043 flores
619 3990 846 4043 eximios
881 3993 996 4043 tam
1034 3990 1102 4043 de
1130 3988 1499 4043 Willebrordo
1537 4005 1702 4057 quam
1726 3989 1795 4042 de
1819 3988 2103 4042 Bonifacio
2131 3987 2449 4056 composuit,

211 4064 422 4129 ipsique
459 4062 709 4113 Andreas
744 4062 909 4113 abbas
939 4063 994 4115 S.
1020 4062 1298 4113 Michaelis
1320 4061 1727 4127 Bamberyeusis
1760 4062 2171 4125 (1483—1502)
2204 4062 2266 4110 in
2301 4074 2453 4125 opere

213 4133 414 4185 inedito
449 4133 512 4185 de
546 4136 746 4184 sanctis
783 4134 992 4184 ordinis
1027 4132 1082 4186 S.
1109 4133 1382 4184 Benedicti
1413 4132 1547 4196 (cod.
1573 4132 1855 4198 Bambery.
1882 4131 1951 4186 Ε.
1978 4131 2087 4185 ΙΙΙ.
2115 4134 2164 4195 9,
2192 4130 2287 4194 fol.
2316 4132 2451 4188 102;

213 4206 286 4267 cf.
321 4205 482 4268 infra
509 4220 569 4269 p.
596 4203 880 4263 LXXIII)
911 4202 1128 4255 Laudes
1161 4203 1334 4255 sancti
1357 4201 1629 4255 Bonifacii
1661 4201 1903 4271 episcopi
1935 4202 2199 4265 attribuit,
2239 4201 2452 4251 omnino

212 4276 307 4337 fer
309 4291 334 4325 e
368 4277 674 4326 conveniens
709 4290 826 4325 cum
870 4275 1160 4325 Trithemio
1195 4274 1395 4341 (Opera
1431 4274 1691 4326 historica
1726 4275 1804 4327 ed.
1843 4270 2047 4325 Freher
2078 4272 2125 4337 Ι,
2156 4238 2274 4326 128.
2299 4272 2450 4336 258).

214 4347 310 4413 11)
349 4346 535 4411 Miyne
574 4345 863 4411 CXXXII,
901 4347 1200 4401 549—554.
1348 4346 1436 4412 12)
1479 4344 2025 4400 1b.c02.553—558.

323 4452 456 4491 Vitae
483 4452 718 4491 Bonitatii.
2022 4426 2110 4483 IV
