<?xml version="1.0" encoding="UTF-8"?>
<!DOCTYPE html PUBLIC "-//W3C//DTD XHTML 1.0 Transitional//EN"
    "http://www.w3.org/TR/xhtml1/DTD/xhtml1-transitional.dtd">
<html xmlns="http://www.w3.org/1999/xhtml" xml:lang="en" lang="en">
 <head>
  <title>
</title>
<meta http-equiv="Content-Type" content="text/html;charset=utf-8" />
  <meta name='ocr-system' content='tesseract 3.04.00' />
  <meta name='ocr-capabilities' content='ocr_page ocr_carea ocr_par ocr_line ocrx_word'/>
</head>
<body>
  <div class='ocr_page' id='page_1' title='image "./vitaesanctiboni00mogugoog_0035.png"; bbox 0 0 3167 5192; ppageno 0'>
   <div class='ocr_carea' id='block_1_1' title="bbox 607 472 1955 530">
    <p class='ocr_par' dir='ltr' id='par_1_1' title="bbox 607 472 1955 530">
     <span class='ocr_line' id='line_1_1' title="bbox 607 472 1955 530; baseline 0.002 -3"><span class='ocrx_word' id='word_1_1' title='bbox 607 472 874 528; x_wconf 84' lang='lat' dir='ltr'>XXVIII</span> <span class='ocrx_word' id='word_1_2' title='bbox 1492 472 1955 530; x_wconf 81' lang='lat' dir='ltr'>PRAEFATIO.</span> 
     </span>
    </p>
   </div>
   <div class='ocr_carea' id='block_1_2' title="bbox 524 653 2941 3037">
    <p class='ocr_par' dir='ltr' id='par_1_2' title="bbox 524 653 2941 3037">
     <span class='ocr_line' id='line_1_2' title="bbox 608 653 2859 738; baseline 0.001 -21"><span class='ocrx_word' id='word_1_3' title='bbox 608 653 910 736; x_wconf 79' lang='lat' dir='ltr'><em>martyrii</em></span> <span class='ocrx_word' id='word_1_4' title='bbox 953 654 1214 737; x_wconf 74' lang='lat' dir='ltr'><em>naviyio</em></span> <span class='ocrx_word' id='word_1_5' title='bbox 1244 656 1528 719; x_wconf 86' lang='lat' dir='ltr'><em>Fuldam</em></span> <span class='ocrx_word' id='word_1_6' title='bbox 1565 657 1968 737; x_wconf 85' lang='lat' dir='ltr'><em>translatum,</em></span> <span class='ocrx_word' id='word_1_7' title='bbox 2000 655 2153 720; x_wconf 87' lang='lat' dir='ltr'><em>inde</em></span> <span class='ocrx_word' id='word_1_8' title='bbox 2182 655 2591 738; x_wconf 74' lang='lat' dir='ltr'><em>Moyuntiam</em></span> <span class='ocrx_word' id='word_1_9' title='bbox 2636 676 2859 737; x_wconf 88' lang='lat' dir='ltr'><em>repor-</em></span> 
     </span>
     <span class='ocr_line' id='line_1_3' title="bbox 609 742 2859 828; baseline 0.001 -21"><span class='ocrx_word' id='word_1_10' title='bbox 609 748 808 807; x_wconf 91' lang='lat' dir='ltr'><em>tatum</em></span> <span class='ocrx_word' id='word_1_11' title='bbox 851 742 1064 825; x_wconf 77' lang='lat' dir='ltr'><strong><em>ibique</em></strong></span> <span class='ocrx_word' id='word_1_12' title='bbox 1107 743 1412 824; x_wconf 83' lang='lat' dir='ltr'><em>sepule</em></span> <span class='ocrx_word' id='word_1_13' title='bbox 1469 764 1601 809; x_wconf 88' lang='lat' dir='ltr'><em>esse</em></span> <span class='ocrx_word' id='word_1_14' title='bbox 1657 744 2193 827; x_wconf 75' lang='lat' dir='ltr'><em>neyleyentissime</em></span> <span class='ocrx_word' id='word_1_15' title='bbox 2252 750 2558 809; x_wconf 88' lang='lat' dir='ltr'><em>narretur</em></span> <span class='ocrx_word' id='word_1_16' title='bbox 2568 765 2595 826; x_wconf 87' lang='grc'><em>,·</em></span> <span class='ocrx_word' id='word_1_17' title='bbox 2654 751 2859 828; x_wconf 89' lang='lat' dir='ltr'><em>caput</em></span> 
     </span>
     <span class='ocr_line' id='line_1_4' title="bbox 609 830 2847 916; baseline 0 -21"><span class='ocrx_word' id='word_1_18' title='bbox 609 852 848 895; x_wconf 92' lang='lat' dir='ltr'><em>nonum</em></span> <span class='ocrx_word' id='word_1_19' title='bbox 893 830 1192 896; x_wconf 90' lang='lat' dir='ltr'><em>omissum</em></span> <span class='ocrx_word' id='word_1_20' title='bbox 1221 838 1327 913; x_wconf 86' lang='lat' dir='ltr'><em>est,</em></span> <span class='ocrx_word' id='word_1_21' title='bbox 1361 832 1510 895; x_wconf 88' lang='lat' dir='ltr'><em>dum</em></span> <span class='ocrx_word' id='word_1_22' title='bbox 1541 833 1851 916; x_wconf 74' lang='lat' dir='ltr'><em>proloqus</em></span> <span class='ocrx_word' id='word_1_23' title='bbox 1894 836 2089 910; x_wconf 88' lang='lat' dir='ltr'><em>adest,</em></span> <span class='ocrx_word' id='word_1_24' title='bbox 2127 832 2419 914; x_wconf 78' lang='lat' dir='ltr'><em>quamvis</em></span> <span class='ocrx_word' id='word_1_25' title='bbox 2460 834 2847 897; x_wconf 77' lang='lat' dir='ltr'><strong><em>decurtatus.</em></strong></span> 
     </span>
     <span class='ocr_line' id='line_1_5' title="bbox 830 920 2850 1002; baseline 0 -18"><span class='ocrx_word' id='word_1_26' title='bbox 830 920 1064 985; x_wconf 76' lang='lat' dir='ltr'><em>Textus</em></span> <span class='ocrx_word' id='word_1_27' title='bbox 1106 921 1270 984; x_wconf 88' lang='lat' dir='ltr'><em>alter</em></span> <span class='ocrx_word' id='word_1_28' title='bbox 1303 920 1666 987; x_wconf 85' lang='lat' dir='ltr'><em>Willibaldi</em></span> <span class='ocrx_word' id='word_1_29' title='bbox 1710 926 2085 1002; x_wconf 85' lang='lat' dir='ltr'><em>contractus,</em></span> <span class='ocrx_word' id='word_1_30' title='bbox 2133 921 2243 1002; x_wconf 79' lang='lat' dir='ltr'><em>qui</em></span> <span class='ocrx_word' id='word_1_31' title='bbox 2287 942 2319 986; x_wconf 93' lang='lat' dir='ltr'><em>e</em></span> <span class='ocrx_word' id='word_1_32' title='bbox 2364 920 2527 986; x_wconf 85' lang='lat' dir='ltr'><em>libro</em></span> <span class='ocrx_word' id='word_1_33' title='bbox 2571 922 2850 1002; x_wconf 78' lang='lat' dir='ltr'><em>quodam</em></span> 
     </span>
     <span class='ocr_line' id='line_1_6' title="bbox 611 1006 2919 1092; baseline -0 -20"><span class='ocrx_word' id='word_1_34' title='bbox 611 1006 834 1073; x_wconf 88' lang='lat' dir='ltr'><em>classis</em></span> <span class='ocrx_word' id='word_1_35' title='bbox 881 1013 921 1071; x_wconf 85' lang='lat'>4</span> <span class='ocrx_word' id='word_1_36' title='bbox 967 1007 1317 1090; x_wconf 77' lang='lat' dir='ltr'><em>exscriptus</em></span> <span class='ocrx_word' id='word_1_37' title='bbox 1369 1015 1510 1073; x_wconf 89' lang='lat' dir='ltr'><em>erat</em></span> <span class='ocrx_word' id='word_1_38' title='bbox 1526 1010 1566 1089; x_wconf 85' lang='lat'><em>¹,</em></span> <span class='ocrx_word' id='word_1_39' title='bbox 1628 1010 2078 1092; x_wconf 72' lang='lat' dir='ltr'><em>martyroloyio</em></span> <span class='ocrx_word' id='word_1_40' title='bbox 2136 1009 2389 1074; x_wconf 85' lang='lat' dir='ltr'><em>cuidam</em></span> <span class='ocrx_word' id='word_1_41' title='bbox 2448 1030 2609 1074; x_wconf 89' lang='lat' dir='ltr'><em>saec.</em></span> <span class='ocrx_word' id='word_1_42' title='bbox 2662 1009 2844 1074; x_wconf 87' lang='lat' dir='ltr'><em>XII.</em></span> <span class='ocrx_word' id='word_1_43' title='bbox 2888 1032 2919 1071; x_wconf 80' lang='lat'><strong>5</strong></span> 
     </span>
     <span class='ocr_line' id='line_1_7' title="bbox 610 1096 2839 1179; baseline 0 -18"><span class='ocrx_word' id='word_1_44' title='bbox 610 1102 872 1161; x_wconf 76' lang='lat' dir='ltr'><em>exarato</em></span> <span class='ocrx_word' id='word_1_45' title='bbox 916 1096 1146 1177; x_wconf 80' lang='lat' dir='ltr'><em>inerat,</em></span> <span class='ocrx_word' id='word_1_46' title='bbox 1196 1096 1378 1161; x_wconf 90' lang='lat' dir='ltr'><em>cuius</em></span> <span class='ocrx_word' id='word_1_47' title='bbox 1420 1096 1787 1179; x_wconf 74' lang='lat' dir='ltr'><em>fraymenta</em></span> <span class='ocrx_word' id='word_1_48' title='bbox 1832 1100 2022 1163; x_wconf 71' lang='lat' dir='ltr'><em>codex</em></span> <span class='ocrx_word' id='word_1_49' title='bbox 2057 1098 2127 1163; x_wconf 89' lang='lat' dir='ltr'><em>D</em></span> <span class='ocrx_word' id='word_1_50' title='bbox 2141 1118 2223 1162; x_wconf 89' lang='lat' dir='ltr'><em>re</em></span> <span class='ocrx_word' id='word_1_51' title='bbox 2237 1098 2519 1162; x_wconf 88' lang='lat' dir='ltr'><em>sdensi</em></span> <span class='ocrx_word' id='word_1_52' title='bbox 2532 1120 2565 1162; x_wconf 91' lang='lat' dir='ltr'><em>s</em></span> <span class='ocrx_word' id='word_1_53' title='bbox 2609 1097 2674 1162; x_wconf 89' lang='lat' dir='ltr'><em>R</em></span> <span class='ocrx_word' id='word_1_54' title='bbox 2708 1103 2839 1161; x_wconf 82' lang='lat'>52¹1</span> 
     </span>
     <span class='ocr_line' id='line_1_8' title="bbox 609 1184 2845 1267; baseline 0.001 -20"><span class='ocrx_word' id='word_1_55' title='bbox 609 1184 780 1249; x_wconf 89' lang='lat' dir='ltr'><em>inter</em></span> <span class='ocrx_word' id='word_1_56' title='bbox 804 1184 1169 1266; x_wconf 88' lang='lat' dir='ltr'><em>particulas</em></span> <span class='ocrx_word' id='word_1_57' title='bbox 1199 1185 1276 1250; x_wconf 90' lang='lat' dir='ltr'><em>de</em></span> <span class='ocrx_word' id='word_1_58' title='bbox 1305 1185 1675 1267; x_wconf 74' lang='lat' dir='ltr'><em>teyumentis</em></span> <span class='ocrx_word' id='word_1_59' title='bbox 1706 1186 2011 1251; x_wconf 83' lang='lat' dir='ltr'><em>librorum</em></span> <span class='ocrx_word' id='word_1_60' title='bbox 2042 1187 2356 1251; x_wconf 89' lang='lat' dir='ltr'><em>detractas</em></span> <span class='ocrx_word' id='word_1_61' title='bbox 2384 1186 2497 1265; x_wconf 81' lang='lat' dir='ltr'><em>fol.</em></span> <span class='ocrx_word' id='word_1_62' title='bbox 2534 1192 2706 1250; x_wconf 85' lang='lat'><em>64—</em></span> <span class='ocrx_word' id='word_1_63' title='bbox 2714 1186 2845 1250; x_wconf 85' lang='lat'><em>65‘.</em></span> 
     </span>
     <span class='ocr_line' id='line_1_9' title="bbox 610 1272 2842 1357; baseline 0.001 -20"><span class='ocrx_word' id='word_1_64' title='bbox 610 1272 888 1351; x_wconf 77' lang='lat' dir='ltr'><em>exhibet,·</em></span> <span class='ocrx_word' id='word_1_65' title='bbox 945 1273 1056 1338; x_wconf 85' lang='lat' dir='ltr'><em>ubi</em></span> <span class='ocrx_word' id='word_1_66' title='bbox 1115 1272 1300 1339; x_wconf 88' lang='lat' dir='ltr'><em>Vitae</em></span> <span class='ocrx_word' id='word_1_67' title='bbox 1344 1274 1679 1354; x_wconf 77' lang='lat' dir='ltr'><em>Bonifatii</em></span> <span class='ocrx_word' id='word_1_68' title='bbox 1725 1295 1858 1356; x_wconf 88' lang='lat' dir='ltr'><em>par</em></span> <span class='ocrx_word' id='word_1_69' title='bbox 1857 1296 1891 1338; x_wconf 91' lang='lat' dir='ltr'><em>s</em></span> <span class='ocrx_word' id='word_1_70' title='bbox 1941 1282 2218 1340; x_wconf 76' lang='lat' dir='ltr'><em>extrema</em></span> <span class='ocrx_word' id='word_1_71' title='bbox 2262 1275 2375 1355; x_wconf 82' lang='lat' dir='ltr'><em>fol.</em></span> <span class='ocrx_word' id='word_1_72' title='bbox 2426 1280 2529 1339; x_wconf 84' lang='lat'><em>64.</em></span> <span class='ocrx_word' id='word_1_73' title='bbox 2594 1274 2842 1357; x_wconf 75' lang='lat' dir='ltr'><em>leyitur‚</em></span> 
     </span>
     <span class='ocr_line' id='line_1_10' title="bbox 608 1325 2846 1446; baseline 0.002 -21"><span class='ocrx_word' id='word_1_74' title='bbox 608 1380 797 1442; x_wconf 79' lang='lat' dir='ltr'><em>quam</em></span> <span class='ocrx_word' id='word_1_75' title='bbox 864 1325 1100 1426; x_wconf 77' lang='lat' dir='ltr'><em>Passio</em></span> <span class='ocrx_word' id='word_1_76' title='bbox 1165 1362 1498 1442; x_wconf 76' lang='lat' dir='ltr'><em>Bonifatii</em></span> <span class='ocrx_word' id='word_1_77' title='bbox 1562 1363 1876 1446; x_wconf 78' lang='lat' dir='ltr'><em>martyris</em></span> <span class='ocrx_word' id='word_1_78' title='bbox 1943 1363 2280 1428; x_wconf 75' lang='lat' dir='ltr'><em>Tarsensis</em></span> <span class='ocrx_word' id='word_1_79' title='bbox 2347 1362 2746 1444; x_wconf 79' lang='lat' dir='ltr'><em>subsequitur</em></span> <span class='ocrx_word' id='word_1_80' title='bbox 2814 1384 2846 1429; x_wconf 93' lang='lat' dir='ltr'><em>e</em></span> 
     </span>
     <span class='ocr_line' id='line_1_11' title="bbox 608 1448 2941 1551; baseline -0 -39"><span class='ocrx_word' id='word_1_81' title='bbox 608 1455 856 1531; x_wconf 80' lang='lat' dir='ltr'><em>martyr</em></span> <span class='ocrx_word' id='word_1_82' title='bbox 856 1450 1056 1532; x_wconf 73' lang='lat' dir='ltr'><em>oloyio</em></span> <span class='ocrx_word' id='word_1_83' title='bbox 1101 1450 1354 1515; x_wconf 85' lang='lat' dir='ltr'><em>Adonis</em></span> <span class='ocrx_word' id='word_1_84' title='bbox 1414 1448 1601 1530; x_wconf 92' lang='lat' dir='ltr'><em>(Iun.</em></span> <span class='ocrx_word' id='word_1_85' title='bbox 1651 1458 1710 1532; x_wconf 87' lang='lat'><em>5,</em></span> <span class='ocrx_word' id='word_1_86' title='bbox 1772 1453 1865 1516; x_wconf 91' lang='lat' dir='ltr'><em>ed.</em></span> <span class='ocrx_word' id='word_1_87' title='bbox 1924 1451 2240 1534; x_wconf 75' lang='lat' dir='ltr'><em>Georyius</em></span> <span class='ocrx_word' id='word_1_88' title='bbox 2273 1474 2361 1551; x_wconf 69' lang='grc' dir='ltr'><em>Ρ.</em></span> <span class='ocrx_word' id='word_1_89' title='bbox 2412 1458 2539 1515; x_wconf 88' lang='grc'>256</span> <span class='ocrx_word' id='word_1_90' title='bbox 2572 1472 2644 1533; x_wconf 78' lang='lat' dir='ltr'><em>sq</em></span> <span class='ocrx_word' id='word_1_91' title='bbox 2650 1452 2697 1535; x_wconf 90' lang='lat'><em>.)</em></span> <span class='ocrx_word' id='word_1_92' title='bbox 2746 1452 2845 1517; x_wconf 89' lang='lat' dir='ltr'><em>de-</em></span> <span class='ocrx_word' id='word_1_93' title='bbox 2886 1475 2941 1513; x_wconf 86' lang='lat'><em>10</em></span> 
     </span>
     <span class='ocr_line' id='line_1_12' title="bbox 597 1536 2845 1623; baseline 0.002 -22"><span class='ocrx_word' id='word_1_94' title='bbox 597 1543 917 1619; x_wconf 86' lang='lat' dir='ltr'><em>prompta.</em></span> <span class='ocrx_word' id='word_1_95' title='bbox 1010 1538 1160 1604; x_wconf 84' lang='lat' dir='ltr'><em>Vita</em></span> <span class='ocrx_word' id='word_1_96' title='bbox 1204 1538 1432 1603; x_wconf 88' lang='lat' dir='ltr'><em>mutila</em></span> <span class='ocrx_word' id='word_1_97' title='bbox 1477 1562 1520 1605; x_wconf 94' lang='lat' dir='ltr'><em>a</em></span> <span class='ocrx_word' id='word_1_98' title='bbox 1565 1561 1617 1605; x_wconf 91' lang='lat' dir='ltr'><em>c.</em></span> <span class='ocrx_word' id='word_1_99' title='bbox 1668 1545 1705 1602; x_wconf 88' lang='grc'>8</span> <span class='ocrx_word' id='word_1_100' title='bbox 1758 1536 1848 1621; x_wconf 97' lang='grc' dir='ltr'><em>(Ρ.</em></span> <span class='ocrx_word' id='word_1_101' title='bbox 1890 1545 1994 1621; x_wconf 88' lang='grc'><em>48,</em></span> <span class='ocrx_word' id='word_1_102' title='bbox 2030 1542 2101 1623; x_wconf 86' lang='grc'>5)</span> <span class='ocrx_word' id='word_1_103' title='bbox 2150 1540 2411 1621; x_wconf 87' lang='lat' dir='ltr'><em>incipit:</em></span> <span class='ocrx_word' id='word_1_104' title='bbox 2468 1536 2845 1623; x_wconf 81' lang='lat' dir='ltr'><em>[mo]naste-</em></span> 
     </span>
     <span class='ocr_line' id='line_1_13' title="bbox 609 1628 2847 1710; baseline 0.001 -20"><span class='ocrx_word' id='word_1_105' title='bbox 609 1628 765 1691; x_wconf 84' lang='lat' dir='ltr'><em>riali</em></span> <span class='ocrx_word' id='word_1_106' title='bbox 811 1629 1308 1693; x_wconf 85' lang='lat' dir='ltr'><em>monachorum</em></span> <span class='ocrx_word' id='word_1_107' title='bbox 1355 1630 1596 1694; x_wconf 84' lang='lat' dir='ltr'><em>ordine</em></span> <span class='ocrx_word' id='word_1_108' title='bbox 1642 1630 2038 1707; x_wconf 75' lang='lat' dir='ltr'><em>sublevatiS,</em></span> <span class='ocrx_word' id='word_1_109' title='bbox 2095 1634 2297 1710; x_wconf 78' lang='lat' dir='ltr'><em>atque,</em></span> <span class='ocrx_word' id='word_1_110' title='bbox 2351 1628 2647 1710; x_wconf 82' lang='lat' dir='ltr'><em>pluribus</em></span> <span class='ocrx_word' id='word_1_111' title='bbox 2706 1649 2847 1693; x_wconf 89' lang='lat' dir='ltr'><em>con-</em></span> 
     </span>
     <span class='ocr_line' id='line_1_14' title="bbox 607 1714 2845 1798; baseline 0.002 -20"><span class='ocrx_word' id='word_1_112' title='bbox 607 1714 832 1779; x_wconf 88' lang='lat' dir='ltr'><em>tractis</em></span> <span class='ocrx_word' id='word_1_113' title='bbox 861 1714 1200 1796; x_wconf 69' lang='lat' dir='ltr'><em>missisve,</em></span> <span class='ocrx_word' id='word_1_114' title='bbox 1233 1715 1468 1780; x_wconf 84' lang='lat' dir='ltr'><em>desinit</em></span> <span class='ocrx_word' id='word_1_115' title='bbox 1504 1714 1597 1797; x_wconf 89' lang='lat' dir='ltr'><em>(p.</em></span> <span class='ocrx_word' id='word_1_116' title='bbox 1632 1722 1736 1797; x_wconf 85' lang='lat'><em>52,</em></span> <span class='ocrx_word' id='word_1_117' title='bbox 1772 1722 1878 1779; x_wconf 84' lang='lat'><em>29.</em></span> <span class='ocrx_word' id='word_1_118' title='bbox 1914 1723 2017 1798; x_wconf 83' lang='lat'><em>54,</em></span> <span class='ocrx_word' id='word_1_119' title='bbox 2058 1723 2157 1797; x_wconf 85' lang='lat'><em>19,</em></span> <span class='ocrx_word' id='word_1_120' title='bbox 2194 1715 2313 1798; x_wconf 85' lang='lat'><em>25)</em></span> <span class='ocrx_word' id='word_1_121' title='bbox 2329 1738 2351 1781; x_wconf 91' lang='lat'><em>.·</em></span> <span class='ocrx_word' id='word_1_122' title='bbox 2382 1718 2596 1783; x_wconf 87' lang='lat' dir='ltr'><em>donec</em></span> <span class='ocrx_word' id='word_1_123' title='bbox 2630 1739 2671 1781; x_wconf 83' lang='lat' dir='ltr'><em>a.</em></span> <span class='ocrx_word' id='word_1_124' title='bbox 2701 1718 2845 1782; x_wconf 85' lang='lat' dir='ltr'><em>Mo·</em></span> 
     </span>
     <span class='ocr_line' id='line_1_15' title="bbox 609 1804 2845 1890; baseline 0.002 -24"><span class='ocrx_word' id='word_1_125' title='bbox 609 1804 850 1885; x_wconf 86' lang='lat' dir='ltr'><em>gontia</em></span> <span class='ocrx_word' id='word_1_126' title='bbox 894 1804 1199 1887; x_wconf 83' lang='lat' dir='ltr'><em>religiosi</em></span> <span class='ocrx_word' id='word_1_127' title='bbox 1247 1808 1318 1869; x_wconf 90' lang='lat' dir='ltr'><em>et</em></span> <span class='ocrx_word' id='word_1_128' title='bbox 1365 1806 1602 1870; x_wconf 90' lang='lat' dir='ltr'><em>fideles</em></span> <span class='ocrx_word' id='word_1_129' title='bbox 1648 1806 1899 1871; x_wconf 79' lang='lat' dir='ltr'><em>fratres</em></span> <span class='ocrx_word' id='word_1_130' title='bbox 1947 1828 1987 1870; x_wconf 81' lang='lat' dir='ltr'>a</span> <span class='ocrx_word' id='word_1_131' title='bbox 2034 1806 2237 1870; x_wconf 91' lang='lat' dir='ltr'><em>Lullo</em></span> <span class='ocrx_word' id='word_1_132' title='bbox 2298 1807 2636 1890; x_wconf 89' lang='lat' dir='ltr'><em>episcopo,</em></span> <span class='ocrx_word' id='word_1_133' title='bbox 2699 1827 2845 1871; x_wconf 89' lang='lat' dir='ltr'><em>suc·</em></span> 
     </span>
     <span class='ocr_line' id='line_1_16' title="bbox 612 1893 2939 1977; baseline -0.001 -22"><span class='ocrx_word' id='word_1_134' title='bbox 612 1912 874 1957; x_wconf 88' lang='lat' dir='ltr'><em>cessore</em></span> <span class='ocrx_word' id='word_1_135' title='bbox 922 1893 1128 1956; x_wconf 89' lang='lat' dir='ltr'><em>huius</em></span> <span class='ocrx_word' id='word_1_136' title='bbox 1177 1894 1399 1957; x_wconf 87' lang='lat' dir='ltr'><em>sancti</em></span> <span class='ocrx_word' id='word_1_137' title='bbox 1443 1895 1811 1977; x_wconf 74' lang='lat' dir='ltr'><em>pontificiS,</em></span> <span class='ocrx_word' id='word_1_138' title='bbox 1862 1895 2109 1959; x_wconf 91' lang='lat' dir='ltr'><em>directi</em></span> <span class='ocrx_word' id='word_1_139' title='bbox 2156 1896 2345 1959; x_wconf 84' lang='lat' dir='ltr'><em>beati</em></span> <span class='ocrx_word' id='word_1_140' title='bbox 2391 1895 2521 1958; x_wconf 87' lang='lat' dir='ltr'><em>viri</em></span> <span class='ocrx_word' id='word_1_141' title='bbox 2553 1896 2845 1959; x_wconf 81' lang='lat' dir='ltr'><em>cadaver</em></span> <span class='ocrx_word' id='word_1_142' title='bbox 2886 1915 2939 1954; x_wconf 69' lang='grc' dir='ltr'><em>ιε</em></span> 
     </span>
     <span class='ocr_line' id='line_1_17' title="bbox 609 1981 2845 2064; baseline 0.002 -21"><span class='ocrx_word' id='word_1_143' title='bbox 609 1981 698 2043; x_wconf 85' lang='lat' dir='ltr'><em>ad</em></span> <span class='ocrx_word' id='word_1_144' title='bbox 759 1982 1269 2058; x_wconf 85' lang='lat' dir='ltr'><em>monasterium,</em></span> <span class='ocrx_word' id='word_1_145' title='bbox 1349 1982 1534 2064; x_wconf 89' lang='lat' dir='ltr'><em>quod</em></span> <span class='ocrx_word' id='word_1_146' title='bbox 1619 2004 1699 2047; x_wconf 90' lang='lat' dir='ltr'><em>eo</em></span> <span class='ocrx_word' id='word_1_147' title='bbox 1759 1984 2033 2047; x_wconf 85' lang='lat' dir='ltr'><em>vivente</em></span> <span class='ocrx_word' id='word_1_148' title='bbox 2103 1986 2581 2048; x_wconf 71' lang='lat' dir='ltr'><em>construxerat</em></span> <span class='ocrx_word' id='word_1_149' title='bbox 2648 2004 2845 2048; x_wconf 86' lang='lat' dir='ltr'><em>secus</em></span> 
     </span>
     <span class='ocr_line' id='line_1_18' title="bbox 607 2069 2843 2155; baseline 0.002 -25"><span class='ocrx_word' id='word_1_150' title='bbox 607 2069 826 2151; x_wconf 83' lang='lat' dir='ltr'><em>ripam</em></span> <span class='ocrx_word' id='word_1_151' title='bbox 892 2069 1195 2132; x_wconf 87' lang='lat' dir='ltr'><em>fluminis</em></span> <span class='ocrx_word' id='word_1_152' title='bbox 1257 2073 1440 2151; x_wconf 92' lang='lat' dir='ltr'><em>quod</em></span> <span class='ocrx_word' id='word_1_153' title='bbox 1510 2072 1766 2135; x_wconf 85' lang='lat' dir='ltr'><em>dicitur</em></span> <span class='ocrx_word' id='word_1_154' title='bbox 1813 2072 2061 2149; x_wconf 87' lang='lat' dir='ltr'><em>Vulda,</em></span> <span class='ocrx_word' id='word_1_155' title='bbox 2133 2072 2280 2136; x_wconf 90' lang='lat' dir='ltr'><em>ubi</em></span> <span class='ocrx_word' id='word_1_156' title='bbox 2348 2073 2537 2155; x_wconf 90' lang='lat' dir='ltr'><em>ipse</em></span> <span class='ocrx_word' id='word_1_157' title='bbox 2606 2073 2843 2137; x_wconf 82' lang='lat' dir='ltr'><em>vivens</em></span> 
     </span>
     <span class='ocr_line' id='line_1_19' title="bbox 608 2157 2843 2244; baseline 0.003 -26"><span class='ocrx_word' id='word_1_158' title='bbox 608 2157 1138 2239; x_wconf 82' lang='lat' dir='ltr'><em>praedixerat,</em></span> <span class='ocrx_word' id='word_1_159' title='bbox 1230 2160 1915 2237; x_wconf 86' lang='lat' dir='ltr'><em>transtulerunt,</em></span> <span class='ocrx_word' id='word_1_160' title='bbox 2008 2160 2130 2224; x_wconf 91' lang='lat' dir='ltr'><em>ubi</em></span> <span class='ocrx_word' id='word_1_161' title='bbox 2207 2161 2441 2224; x_wconf 82' lang='lat' dir='ltr'><em>divina</em></span> <span class='ocrx_word' id='word_1_162' title='bbox 2518 2161 2843 2244; x_wconf 82' lang='lat' dir='ltr'><em>deinceps</em></span> 
     </span>
     <span class='ocr_line' id='line_1_20' title="bbox 609 2246 2842 2313; baseline 0.001 -4"><span class='ocrx_word' id='word_1_163' title='bbox 609 2246 942 2310; x_wconf 85' lang='lat' dir='ltr'><em>beneficia</em></span> <span class='ocrx_word' id='word_1_164' title='bbox 987 2247 1492 2311; x_wconf 80' lang='lat' dir='ltr'><em>redundabant.</em></span> <span class='ocrx_word' id='word_1_165' title='bbox 1598 2246 1703 2312; x_wconf 89' lang='lat' dir='ltr'><em>De</em></span> <span class='ocrx_word' id='word_1_166' title='bbox 1761 2247 1874 2312; x_wconf 80' lang='lat' dir='ltr'><em>hoc</em></span> <span class='ocrx_word' id='word_1_167' title='bbox 1934 2253 2102 2312; x_wconf 79' lang='lat' dir='ltr'><em>textu</em></span> <span class='ocrx_word' id='word_1_168' title='bbox 2159 2248 2461 2312; x_wconf 86' lang='lat' dir='ltr'><em>disseruit</em></span> <span class='ocrx_word' id='word_1_169' title='bbox 2512 2248 2613 2313; x_wconf 86' lang='lat' dir='ltr'><em>M.</em></span> <span class='ocrx_word' id='word_1_170' title='bbox 2663 2247 2757 2311; x_wconf 87' lang='lat' dir='ltr'><em>M</em></span> <span class='ocrx_word' id='word_1_171' title='bbox 2763 2269 2842 2311; x_wconf 94' lang='lat' dir='ltr'><em>a-</em></span> 
     </span>
     <span class='ocr_line' id='line_1_21' title="bbox 609 2331 2936 2417; baseline 0.001 -22"><span class='ocrx_word' id='word_1_172' title='bbox 609 2331 904 2413; x_wconf 84' lang='lat' dir='ltr'><em>nitius,</em></span> <span class='ocrx_word' id='word_1_173' title='bbox 955 2332 1190 2399; x_wconf 88' lang='lat' dir='ltr'><strong><em>‘Neues</em></strong></span> <span class='ocrx_word' id='word_1_174' title='bbox 1235 2334 1506 2399; x_wconf 77' lang='lat' dir='ltr'><em>Archiv&#39;</em></span> <span class='ocrx_word' id='word_1_175' title='bbox 1558 2335 1929 2416; x_wconf 86' lang='lat' dir='ltr'>XXVIII,</span> <span class='ocrx_word' id='word_1_176' title='bbox 1986 2342 2172 2417; x_wconf 82' lang='lat'>1903,</span> <span class='ocrx_word' id='word_1_177' title='bbox 2208 2358 2278 2417; x_wconf 91' lang='lat' dir='ltr'><em>p.</em></span> <span class='ocrx_word' id='word_1_178' title='bbox 2316 2342 2465 2399; x_wconf 84' lang='lat'><em>733.</em></span> <span class='ocrx_word' id='word_1_179' title='bbox 2882 2359 2936 2397; x_wconf 79' lang='lat'><em>20</em></span> 
     </span>
     <span class='ocr_line' id='line_1_22' title="bbox 829 2422 2844 2507; baseline 0.001 -21"><span class='ocrx_word' id='word_1_180' title='bbox 829 2422 1111 2487; x_wconf 81' lang='lat' dir='ltr'><em>Tertiam</em></span> <span class='ocrx_word' id='word_1_181' title='bbox 1154 2422 1461 2504; x_wconf 79' lang='lat' dir='ltr'><em>epitomen</em></span> <span class='ocrx_word' id='word_1_182' title='bbox 1505 2424 1869 2491; x_wconf 84' lang='lat' dir='ltr'><em>Willibaldi</em></span> <span class='ocrx_word' id='word_1_183' title='bbox 1911 2445 1944 2488; x_wconf 95' lang='lat' dir='ltr'><em>e</em></span> <span class='ocrx_word' id='word_1_184' title='bbox 1990 2424 2195 2489; x_wconf 89' lang='lat' dir='ltr'><em>codice</em></span> <span class='ocrx_word' id='word_1_185' title='bbox 2252 2424 2523 2505; x_wconf 78' lang='lat' dir='ltr'><em>quodam</em></span> <span class='ocrx_word' id='word_1_186' title='bbox 2568 2424 2844 2507; x_wconf 74' lang='lat' dir='ltr'><em>Anylico</em></span> 
     </span>
     <span class='ocr_line' id='line_1_23' title="bbox 524 2508 2845 2594; baseline 0.003 -23"><span class='ocrx_word' id='word_1_187' title='bbox 524 2580 528 2584; x_wconf 19' lang='lat'><strong>⁴</strong></span> <span class='ocrx_word' id='word_1_188' title='bbox 611 2510 714 2573; x_wconf 80' lang='grc'><em>561</em></span> <span class='ocrx_word' id='word_1_189' title='bbox 757 2508 958 2575; x_wconf 83' lang='lat' dir='ltr'><em>simili</em></span> <span class='ocrx_word' id='word_1_190' title='bbox 1003 2512 1427 2592; x_wconf 76' lang='lat' dir='ltr'><em>depromptam</em></span> <span class='ocrx_word' id='word_1_191' title='bbox 1446 2515 1470 2552; x_wconf 83' lang='grc'><em>1</em></span> <span class='ocrx_word' id='word_1_192' title='bbox 1504 2514 1705 2594; x_wconf 90' lang='lat' dir='ltr'><em>paulo</em></span> <span class='ocrx_word' id='word_1_193' title='bbox 1750 2519 1897 2577; x_wconf 91' lang='lat' dir='ltr'><em>ante</em></span> <span class='ocrx_word' id='word_1_194' title='bbox 1941 2514 2257 2577; x_wconf 89' lang='lat' dir='ltr'><em>saeculum</em></span> <span class='ocrx_word' id='word_1_195' title='bbox 2307 2512 2512 2577; x_wconf 89' lang='lat' dir='ltr'>XIV.</span> <span class='ocrx_word' id='word_1_196' title='bbox 2566 2513 2845 2578; x_wconf 86' lang='lat' dir='ltr'><em>medium</em></span> 
     </span>
     <span class='ocr_line' id='line_1_24' title="bbox 608 2598 2844 2684; baseline 0.002 -22"><span class='ocrx_word' id='word_1_197' title='bbox 608 2598 1028 2665; x_wconf 78' lang='lat' dir='ltr'><em>Iohannes</em></span> <span class='ocrx_word' id='word_1_198' title='bbox 1085 2599 1368 2665; x_wconf 85' lang='lat' dir='ltr'><em>vicarius</em></span> <span class='ocrx_word' id='word_1_199' title='bbox 1427 2604 1503 2666; x_wconf 89' lang='lat' dir='ltr'><em>de</em></span> <span class='ocrx_word' id='word_1_200' title='bbox 1563 2601 2051 2683; x_wconf 72' lang='lat' dir='ltr'><em>Tynemuthe</em></span> <span class='ocrx_word' id='word_1_201' title='bbox 2112 2600 2501 2683; x_wconf 75' lang='lat' dir='ltr'><em>Sanctiloyio</em></span> <span class='ocrx_word' id='word_1_202' title='bbox 2560 2602 2844 2684; x_wconf 71' lang='lat' dir='ltr'><em>Anqliae</em></span> 
     </span>
     <span class='ocr_line' id='line_1_25' title="bbox 607 2686 2845 2769; baseline 0.001 -18"><span class='ocrx_word' id='word_1_203' title='bbox 607 2686 908 2768; x_wconf 88' lang='lat' dir='ltr'><em>inseruit,</em></span> <span class='ocrx_word' id='word_1_204' title='bbox 1001 2690 1169 2769; x_wconf 77' lang='lat' dir='ltr'><em>quod</em></span> <span class='ocrx_word' id='word_1_205' title='bbox 1249 2688 1324 2753; x_wconf 89' lang='lat' dir='ltr'><em>in</em></span> <span class='ocrx_word' id='word_1_206' title='bbox 1397 2689 1604 2755; x_wconf 90' lang='lat' dir='ltr'><em>codice</em></span> <span class='ocrx_word' id='word_1_207' title='bbox 1677 2688 2109 2755; x_wconf 90' lang='lat' dir='ltr'><em>Londiniensi</em></span> <span class='ocrx_word' id='word_1_208' title='bbox 2180 2689 2351 2755; x_wconf 90' lang='lat' dir='ltr'><em>inter</em></span> <span class='ocrx_word' id='word_1_209' title='bbox 2436 2689 2845 2756; x_wconf 80' lang='lat' dir='ltr'><em>Cottonianos</em></span> 
     </span>
     <span class='ocr_line' id='line_1_26' title="bbox 614 2774 2937 2860; baseline -0 -21"><span class='ocrx_word' id='word_1_210' title='bbox 614 2774 907 2840; x_wconf 84' lang='lat' dir='ltr'><em>Tiberius</em></span> <span class='ocrx_word' id='word_1_211' title='bbox 973 2778 1057 2840; x_wconf 88' lang='grc' dir='ltr'><em>Ε.</em></span> <span class='ocrx_word' id='word_1_212' title='bbox 1128 2778 1180 2841; x_wconf 91' lang='grc' dir='ltr'><em>Ι</em></span> <span class='ocrx_word' id='word_1_213' title='bbox 1242 2775 1430 2859; x_wconf 91' lang='lat' dir='ltr'><em>(saec.</em></span> <span class='ocrx_word' id='word_1_214' title='bbox 1481 2776 1694 2860; x_wconf 87' lang='lat' dir='ltr'>XIV)</span> <span class='ocrx_word' id='word_1_215' title='bbox 1773 2784 1943 2843; x_wconf 79' lang='lat' dir='ltr'><em>extat</em></span> <span class='ocrx_word' id='word_1_216' title='bbox 1960 2779 2002 2859; x_wconf 78' lang='lat'><em>3,</em></span> <span class='ocrx_word' id='word_1_217' title='bbox 2089 2777 2254 2843; x_wconf 90' lang='lat' dir='ltr'><em>Vitis</em></span> <span class='ocrx_word' id='word_1_218' title='bbox 2325 2785 2688 2843; x_wconf 88' lang='lat' dir='ltr'><em>sanctorum</em></span> <span class='ocrx_word' id='word_1_219' title='bbox 2758 2780 2849 2843; x_wconf 90' lang='lat' dir='ltr'><em>ad</em></span> <span class='ocrx_word' id='word_1_220' title='bbox 2884 2799 2937 2839; x_wconf 80' lang='lat'><em>25</em></span> 
     </span>
     <span class='ocr_line' id='line_1_27' title="bbox 610 2862 2845 2948; baseline 0.002 -21"><span class='ocrx_word' id='word_1_221' title='bbox 610 2862 746 2927; x_wconf 89' lang='lat' dir='ltr'><em>dies</em></span> <span class='ocrx_word' id='word_1_222' title='bbox 789 2866 1040 2929; x_wconf 82' lang='lat' dir='ltr'><em>natales</em></span> <span class='ocrx_word' id='word_1_223' title='bbox 1083 2866 1426 2948; x_wconf 76' lang='lat' dir='ltr'><em>dispositis.</em></span> <span class='ocrx_word' id='word_1_224' title='bbox 1512 2867 1689 2947; x_wconf 77' lang='lat' dir='ltr'><em>Quae</em></span> <span class='ocrx_word' id='word_1_225' title='bbox 1733 2866 2003 2931; x_wconf 80' lang='lat' dir='ltr'><em>collectio</em></span> <span class='ocrx_word' id='word_1_226' title='bbox 2048 2888 2209 2932; x_wconf 91' lang='lat' dir='ltr'><em>saec.</em></span> <span class='ocrx_word' id='word_1_227' title='bbox 2247 2866 2321 2931; x_wconf 91' lang='lat' dir='ltr'>X</span> <span class='ocrx_word' id='word_1_228' title='bbox 2334 2866 2405 2932; x_wconf 92' lang='lat' dir='ltr'><em>V.</em></span> <span class='ocrx_word' id='word_1_229' title='bbox 2452 2866 2529 2931; x_wconf 91' lang='lat' dir='ltr'><em>in</em></span> <span class='ocrx_word' id='word_1_230' title='bbox 2560 2866 2845 2931; x_wconf 87' lang='lat' dir='ltr'><em>ordinem</em></span> 
     </span>
     <span class='ocr_line' id='line_1_28' title="bbox 611 2953 2841 3037; baseline 0.001 -20"><span class='ocrx_word' id='word_1_231' title='bbox 611 2953 1071 3034; x_wconf 79' lang='lat' dir='ltr'><em>alphabeticum</em></span> <span class='ocrx_word' id='word_1_232' title='bbox 1114 2957 1390 3035; x_wconf 88' lang='lat' dir='ltr'><em>redacta,</em></span> <span class='ocrx_word' id='word_1_233' title='bbox 1429 2954 1564 3019; x_wconf 88' lang='lat' dir='ltr'><em>iam</em></span> <span class='ocrx_word' id='word_1_234' title='bbox 1598 2954 1847 3020; x_wconf 85' lang='lat' dir='ltr'><em>‘Nova</em></span> <span class='ocrx_word' id='word_1_235' title='bbox 1892 2956 2232 3037; x_wconf 76' lang='lat' dir='ltr'><em>leyenda</em></span> <span class='ocrx_word' id='word_1_236' title='bbox 2262 2954 2593 3037; x_wconf 74' lang='lat' dir='ltr'><em>Anylie&#39;</em></span> <span class='ocrx_word' id='word_1_237' title='bbox 2641 2955 2841 3036; x_wconf 86' lang='lat' dir='ltr'><em>audit,</em></span> 
     </span>
    </p>
   </div>
   <div class='ocr_carea' id='block_1_3' title="bbox 611 3039 2949 3127">
    <p class='ocr_par' dir='ltr' id='par_1_3' title="bbox 611 3039 2949 3127">
     <span class='ocr_line' id='line_1_29' title="bbox 611 3039 2949 3127; baseline -0 -19"><span class='ocrx_word' id='word_1_238' title='bbox 611 3065 773 3126; x_wconf 76' lang='lat' dir='ltr'><em>quae</em></span> <span class='ocrx_word' id='word_1_239' title='bbox 837 3046 1019 3126; x_wconf 75' lang='lat' dir='ltr'><em>vulyo</em></span> <span class='ocrx_word' id='word_1_240' title='bbox 1079 3043 1366 3107; x_wconf 78' lang='lat' dir='ltr'><em>Iohanni</em></span> <span class='ocrx_word' id='word_1_241' title='bbox 1429 3041 1538 3109; x_wconf 82' lang='lat' dir='ltr'><em>Ca</em></span> <span class='ocrx_word' id='word_1_242' title='bbox 1543 3064 1595 3123; x_wconf 92' lang='lat' dir='ltr'><em>p</em></span> <span class='ocrx_word' id='word_1_243' title='bbox 1604 3064 1852 3125; x_wconf 72' lang='lat' dir='ltr'><em>yrave</em></span> <span class='ocrx_word' id='word_1_244' title='bbox 1908 3064 2123 3108; x_wconf 89' lang='lat' dir='ltr'><em>rerum</em></span> <span class='ocrx_word' id='word_1_245' title='bbox 2180 3043 2480 3127; x_wconf 80' lang='lat' dir='ltr'><em>scriptori</em></span> <span class='ocrx_word' id='word_1_246' title='bbox 2538 3039 2599 3127; x_wconf 83' lang='lat'><em>(†</em></span> <span class='ocrx_word' id='word_1_247' title='bbox 2650 3040 2843 3127; x_wconf 91' lang='grc'>1464)</span> <span class='ocrx_word' id='word_1_248' title='bbox 2945 3062 2949 3067; x_wconf 91' lang='grc'>·</span> 
     </span>
    </p>
   </div>
   <div class='ocr_carea' id='block_1_4' title="bbox 611 3130 2933 3481">
    <p class='ocr_par' dir='ltr' id='par_1_4' title="bbox 611 3130 2933 3481">
     <span class='ocr_line' id='line_1_30' title="bbox 611 3130 2843 3217; baseline -0.001 -18"><span class='ocrx_word' id='word_1_249' title='bbox 611 3134 961 3200; x_wconf 81' lang='lat' dir='ltr'><em>attributa4</em></span> <span class='ocrx_word' id='word_1_250' title='bbox 959 3130 1312 3217; x_wconf 85' lang='lat' dir='ltr'><em>,primum</em></span> <span class='ocrx_word' id='word_1_251' title='bbox 1366 3154 1428 3196; x_wconf 90' lang='lat' dir='ltr'><em>a.</em></span> <span class='ocrx_word' id='word_1_252' title='bbox 1481 3138 1673 3197; x_wconf 89' lang='grc'><strong>1516.</strong></span> <span class='ocrx_word' id='word_1_253' title='bbox 1738 3130 2065 3212; x_wconf 87' lang='lat' dir='ltr'><em>‘impressa</em></span> <span class='ocrx_word' id='word_1_254' title='bbox 2109 3132 2477 3197; x_wconf 87' lang='lat' dir='ltr'><em>Londinias</em></span> <span class='ocrx_word' id='word_1_255' title='bbox 2531 3132 2606 3195; x_wconf 90' lang='lat' dir='ltr'><em>in</em></span> <span class='ocrx_word' id='word_1_256' title='bbox 2665 3134 2843 3197; x_wconf 90' lang='lat' dir='ltr'><em>domo</em></span> 
     </span>
     <span class='ocr_line' id='line_1_31' title="bbox 621 3219 2933 3303; baseline -0.003 -15"><span class='ocrx_word' id='word_1_257' title='bbox 621 3222 943 3289; x_wconf 90' lang='lat' dir='ltr'><em>Winandi</em></span> <span class='ocrx_word' id='word_1_258' title='bbox 1009 3222 1085 3287; x_wconf 88' lang='lat' dir='ltr'><em>de</em></span> <span class='ocrx_word' id='word_1_259' title='bbox 1143 3220 1404 3287; x_wconf 89' lang='lat' dir='ltr'><em>Worde&#39;</em></span> <span class='ocrx_word' id='word_1_260' title='bbox 1465 3220 1841 3303; x_wconf 74' lang='lat' dir='ltr'><em>typoyraphi</em></span> <span class='ocrx_word' id='word_1_261' title='bbox 1908 3221 2102 3285; x_wconf 86' lang='lat' dir='ltr'><em>lucem</em></span> <span class='ocrx_word' id='word_1_262' title='bbox 2170 3219 2435 3303; x_wconf 79' lang='lat' dir='ltr'><em>aspexit,</em></span> <span class='ocrx_word' id='word_1_263' title='bbox 2503 3219 2735 3285; x_wconf 87' lang='lat' dir='ltr'><em>iterum</em></span> <span class='ocrx_word' id='word_1_264' title='bbox 2801 3241 2844 3283; x_wconf 93' lang='lat' dir='ltr'><em>a</em></span> <span class='ocrx_word' id='word_1_265' title='bbox 2880 3242 2933 3281; x_wconf 77' lang='lat' dir='ltr'><em>so</em></span> 
     </span>
     <span class='ocr_line' id='line_1_32' title="bbox 621 3308 2843 3390; baseline -0.002 -13"><span class='ocrx_word' id='word_1_266' title='bbox 621 3310 850 3377; x_wconf 83' lang='lat' dir='ltr'><em>Oarolo</em></span> <span class='ocrx_word' id='word_1_267' title='bbox 910 3313 995 3378; x_wconf 86' lang='lat' dir='ltr'><em>H</em></span> <span class='ocrx_word' id='word_1_268' title='bbox 997 3316 1358 3377; x_wconf 89' lang='lat' dir='ltr'><em>orstman</em></span> <span class='ocrx_word' id='word_1_269' title='bbox 1427 3308 1664 3375; x_wconf 78' lang='lat' dir='ltr'><em>Oxonii</em></span> <span class='ocrx_word' id='word_1_270' title='bbox 1723 3332 1783 3374; x_wconf 87' lang='lat' dir='ltr'><em>a.</em></span> <span class='ocrx_word' id='word_1_271' title='bbox 1839 3314 2029 3372; x_wconf 87' lang='grc'>1901.</span> <span class='ocrx_word' id='word_1_272' title='bbox 2099 3308 2271 3373; x_wconf 88' lang='lat' dir='ltr'><em>edita</em></span> <span class='ocrx_word' id='word_1_273' title='bbox 2339 3314 2447 3373; x_wconf 91' lang='lat' dir='ltr'><em>est.</em></span> <span class='ocrx_word' id='word_1_274' title='bbox 2553 3308 2843 3390; x_wconf 52' lang='lat' dir='ltr'><em>Fspitome</em></span> 
     </span>
     <span class='ocr_line' id='line_1_33' title="bbox 623 3398 2841 3481; baseline -0.003 -15"><span class='ocrx_word' id='word_1_275' title='bbox 623 3398 988 3467; x_wconf 84' lang='lat' dir='ltr'><em>Willibaldi</em></span> <span class='ocrx_word' id='word_1_276' title='bbox 1034 3398 1193 3481; x_wconf 85' lang='lat' dir='ltr'><em>(inc.</em></span> <span class='ocrx_word' id='word_1_277' title='bbox 1234 3400 1528 3465; x_wconf 83' lang='lat' dir='ltr'><em>Sanctus</em></span> <span class='ocrx_word' id='word_1_278' title='bbox 1576 3400 1759 3463; x_wconf 88' lang='lat' dir='ltr'><em>enim</em></span> <span class='ocrx_word' id='word_1_279' title='bbox 1792 3398 2211 3475; x_wconf 74' lang='lat' dir='ltr'><em>BonifaciuS‚</em></span> <span class='ocrx_word' id='word_1_280' title='bbox 2262 3418 2511 3481; x_wconf 85' lang='lat' dir='ltr'><em>genere</em></span> <span class='ocrx_word' id='word_1_281' title='bbox 2550 3398 2841 3481; x_wconf 74' lang='lat' dir='ltr'><em>AngluS,</em></span> 
     </span>
    </p>
   </div>
   <div class='ocr_carea' id='block_1_5' title="bbox 601 3586 2937 4508">
    <p class='ocr_par' dir='ltr' id='par_1_5' title="bbox 606 3586 2933 3941">
     <span class='ocr_line' id='line_1_34' title="bbox 610 3586 2841 3660; baseline -0.004 -14"><span class='ocrx_word' id='word_1_282' title='bbox 610 3591 662 3659; x_wconf 90' lang='lat'><em>1)</em></span> <span class='ocrx_word' id='word_1_283' title='bbox 699 3591 782 3653; x_wconf 77' lang='lat' dir='ltr'><em>Cf.</em></span> <span class='ocrx_word' id='word_1_284' title='bbox 821 3607 861 3644; x_wconf 87' lang='grc'><em>6.</em></span> <span class='ocrx_word' id='word_1_285' title='bbox 889 3594 924 3648; x_wconf 90' lang='grc'>8</span> <span class='ocrx_word' id='word_1_286' title='bbox 960 3594 1034 3660; x_wconf 88' lang='grc' dir='ltr'><em>(Ρ</em></span> <span class='ocrx_word' id='word_1_287' title='bbox 1061 3594 1146 3657; x_wconf 97' lang='grc'><em>52,</em></span> <span class='ocrx_word' id='word_1_288' title='bbox 1172 3591 1294 3657; x_wconf 76' lang='lat'><em>28)=</em></span> <span class='ocrx_word' id='word_1_289' title='bbox 1331 3588 1663 3657; x_wconf 87' lang='lat' dir='ltr'><em>perductum</em></span> <span class='ocrx_word' id='word_1_290' title='bbox 1700 3592 1781 3641; x_wconf 84' lang='lat' dir='ltr'><em>est</em></span> <span class='ocrx_word' id='word_1_291' title='bbox 1821 3620 1890 3629; x_wconf 89' lang='lat'>—</span> <span class='ocrx_word' id='word_1_292' title='bbox 1927 3586 2113 3655; x_wconf 89' lang='lat' dir='ltr'><em>ibique</em></span> <span class='ocrx_word' id='word_1_293' title='bbox 2150 3586 2433 3640; x_wconf 85' lang='lat' dir='ltr'><em>conditum</em></span> <span class='ocrx_word' id='word_1_294' title='bbox 2458 3603 2523 3640; x_wconf 83' lang='lat' dir='ltr'><em>ac</em></span> <span class='ocrx_word' id='word_1_295' title='bbox 2546 3586 2841 3655; x_wconf 82' lang='lat' dir='ltr'><em>sepultum]</em></span> 
     </span>
     <span class='ocr_line' id='line_1_35' title="bbox 606 3658 2846 3730; baseline -0.003 -15"><span class='ocrx_word' id='word_1_296' title='bbox 606 3660 872 3730; x_wconf 81' lang='lat' dir='ltr'><em>perducta</em></span> <span class='ocrx_word' id='word_1_297' title='bbox 908 3666 1140 3715; x_wconf 84' lang='lat' dir='ltr'><em>sunt—</em></span> <span class='ocrx_word' id='word_1_298' title='bbox 1177 3660 1362 3727; x_wconf 89' lang='lat' dir='ltr'><em>ibique</em></span> <span class='ocrx_word' id='word_1_299' title='bbox 1413 3660 1635 3713; x_wconf 81' lang='lat' dir='ltr'><em>condita</em></span> <span class='ocrx_word' id='word_1_300' title='bbox 1686 3676 1749 3711; x_wconf 83' lang='lat' dir='ltr'><em>ac</em></span> <span class='ocrx_word' id='word_1_301' title='bbox 1797 3658 2012 3727; x_wconf 81' lang='lat' dir='ltr'><em>sepulta</em></span> <span class='ocrx_word' id='word_1_302' title='bbox 2054 3661 2202 3727; x_wconf 86' lang='lat' dir='ltr'><em>(sunt</em></span> <span class='ocrx_word' id='word_1_303' title='bbox 2253 3659 2378 3713; x_wconf 88' lang='lat' dir='ltr'><em>add.</em></span> <span class='ocrx_word' id='word_1_304' title='bbox 2417 3660 2632 3724; x_wconf 86' lang='lat' dir='ltr'><em>Dresd.)</em></span> <span class='ocrx_word' id='word_1_305' title='bbox 2686 3659 2846 3709; x_wconf 74' lang='lat' dir='ltr'><em>codex</em></span> 
     </span>
     <span class='ocr_line' id='line_1_36' title="bbox 607 3727 2933 3797; baseline -0.004 -12"><span class='ocrx_word' id='word_1_306' title='bbox 607 3732 926 3785; x_wconf 78' lang='lat' dir='ltr'><em>Dresdensis</em></span> <span class='ocrx_word' id='word_1_307' title='bbox 961 3749 1080 3785; x_wconf 86' lang='lat' dir='ltr'><em>cum</em></span> <span class='ocrx_word' id='word_1_308' title='bbox 1115 3736 1166 3789; x_wconf 85' lang='lat'><em>4.</em></span> <span class='ocrx_word' id='word_1_309' title='bbox 1190 3734 1278 3787; x_wconf 82' lang='lat' dir='ltr'><em>4a.</em></span> <span class='ocrx_word' id='word_1_310' title='bbox 1299 3732 1345 3788; x_wconf 85' lang='lat' dir='ltr'><em>b.</em></span> <span class='ocrx_word' id='word_1_311' title='bbox 1367 3749 1408 3786; x_wconf 90' lang='grc'><em>6.</em></span> <span class='ocrx_word' id='word_1_312' title='bbox 1430 3731 1494 3790; x_wconf 83' lang='grc'><em>61,</em></span> <span class='ocrx_word' id='word_1_313' title='bbox 1602 3733 1659 3796; x_wconf 87' lang='grc'><em>2)</em></span> <span class='ocrx_word' id='word_1_314' title='bbox 1700 3730 1785 3794; x_wconf 78' lang='lat' dir='ltr'><em>Cf.</em></span> <span class='ocrx_word' id='word_1_315' title='bbox 1812 3734 1925 3785; x_wconf 90' lang='grc'>6.1.</span> <span class='ocrx_word' id='word_1_316' title='bbox 1952 3728 2471 3797; x_wconf 84' lang='lat' dir='ltr'><em>Ad-Escancastre]</em></span> <span class='ocrx_word' id='word_1_317' title='bbox 2512 3727 2846 3781; x_wconf 80' lang='lat' dir='ltr'><em>Exancestre</em></span> <span class='ocrx_word' id='word_1_318' title='bbox 2883 3736 2933 3776; x_wconf 77' lang='lat'><em>35</em></span> 
     </span>
     <span class='ocr_line' id='line_1_37' title="bbox 606 3799 2849 3871; baseline -0.001 -16"><span class='ocrx_word' id='word_1_319' title='bbox 606 3803 876 3855; x_wconf 81' lang='lat' dir='ltr'><em>Iohannes</em></span> <span class='ocrx_word' id='word_1_320' title='bbox 923 3804 1016 3869; x_wconf 78' lang='lat' dir='ltr'><em>(cf.</em></span> <span class='ocrx_word' id='word_1_321' title='bbox 1052 3823 1106 3871; x_wconf 89' lang='grc' dir='ltr'><em>Ρ.</em></span> <span class='ocrx_word' id='word_1_322' title='bbox 1133 3806 1184 3867; x_wconf 88' lang='lat'><em>6,</em></span> <span class='ocrx_word' id='word_1_323' title='bbox 1211 3805 1335 3865; x_wconf 85' lang='lat'><strong><em>41),·</em></strong></span> <span class='ocrx_word' id='word_1_324' title='bbox 1384 3818 1426 3857; x_wconf 91' lang='grc'><em>6.</em></span> <span class='ocrx_word' id='word_1_325' title='bbox 1450 3806 1485 3857; x_wconf 94' lang='grc'>2</span> <span class='ocrx_word' id='word_1_326' title='bbox 1522 3804 1595 3869; x_wconf 88' lang='grc' dir='ltr'><em>(Ρ.</em></span> <span class='ocrx_word' id='word_1_327' title='bbox 1626 3804 1675 3868; x_wconf 90' lang='lat'><em>9,</em></span> <span class='ocrx_word' id='word_1_328' title='bbox 1704 3803 1775 3868; x_wconf 89' lang='lat'><em>6).</em></span> <span class='ocrx_word' id='word_1_329' title='bbox 1814 3799 2150 3869; x_wconf 88' lang='lat' dir='ltr'><em>Nhutscelle]</em></span> <span class='ocrx_word' id='word_1_330' title='bbox 2202 3799 2529 3853; x_wconf 80' lang='lat' dir='ltr'><em>Huntscelle</em></span> <span class='ocrx_word' id='word_1_331' title='bbox 2580 3800 2849 3852; x_wconf 80' lang='lat' dir='ltr'><em>Iohannes</em></span> 
     </span>
     <span class='ocr_line' id='line_1_38' title="bbox 606 3870 2843 3941; baseline -0 -16"><span class='ocrx_word' id='word_1_332' title='bbox 606 3890 726 3925; x_wconf 85' lang='lat' dir='ltr'><em>cum</em></span> <span class='ocrx_word' id='word_1_333' title='bbox 762 3873 846 3929; x_wconf 89' lang='grc'><em>561</em></span> <span class='ocrx_word' id='word_1_334' title='bbox 887 3872 1197 3941; x_wconf 75' lang='lat' dir='ltr'><em>(Nhutselle</em></span> <span class='ocrx_word' id='word_1_335' title='bbox 1235 3876 1322 3939; x_wconf 87' lang='lat' dir='ltr'><em>5a,</em></span> <span class='ocrx_word' id='word_1_336' title='bbox 1377 3870 1699 3925; x_wconf 78' lang='lat' dir='ltr'><em>Hnutscelle</em></span> <span class='ocrx_word' id='word_1_337' title='bbox 1736 3871 1835 3938; x_wconf 87' lang='grc'>561,</span> <span class='ocrx_word' id='word_1_338' title='bbox 1886 3870 2179 3925; x_wconf 82' lang='lat' dir='ltr'><em>Nhutcelle</em></span> <span class='ocrx_word' id='word_1_339' title='bbox 2216 3871 2356 3939; x_wconf 75' lang='lat'>50³);</span> <span class='ocrx_word' id='word_1_340' title='bbox 2408 3889 2449 3925; x_wconf 87' lang='lat' dir='ltr'><em>c.</em></span> <span class='ocrx_word' id='word_1_341' title='bbox 2476 3873 2511 3926; x_wconf 90' lang='grc'>5</span> <span class='ocrx_word' id='word_1_342' title='bbox 2548 3880 2625 3937; x_wconf 80' lang='lat' dir='ltr'><em>(p.</em></span> <span class='ocrx_word' id='word_1_343' title='bbox 2654 3873 2741 3936; x_wconf 90' lang='grc'><em>24,</em></span> <span class='ocrx_word' id='word_1_344' title='bbox 2767 3872 2843 3936; x_wconf 88' lang='grc'><em>8).</em></span> 
     </span>
    </p>

    <p class='ocr_par' dir='ltr' id='par_1_6' title="bbox 601 3940 2937 4508">
     <span class='ocr_line' id='line_1_39' title="bbox 607 3940 2846 4012; baseline -0.002 -16"><span class='ocrx_word' id='word_1_345' title='bbox 607 3943 664 3997; x_wconf 90' lang='lat' dir='ltr'><em>in</em></span> <span class='ocrx_word' id='word_1_346' title='bbox 690 3942 905 3997; x_wconf 85' lang='lat' dir='ltr'><em>Christo</em></span> <span class='ocrx_word' id='word_1_347' title='bbox 932 3944 1204 4012; x_wconf 85' lang='lat' dir='ltr'><em>laborans]</em></span> <span class='ocrx_word' id='word_1_348' title='bbox 1236 3942 1294 3995; x_wconf 91' lang='lat' dir='ltr'><em>in</em></span> <span class='ocrx_word' id='word_1_349' title='bbox 1318 3942 1444 3997; x_wconf 80' lang='lat' dir='ltr'><em>chr.</em></span> <span class='ocrx_word' id='word_1_350' title='bbox 1483 3944 1748 3995; x_wconf 88' lang='lat' dir='ltr'><em>roborans</em></span> <span class='ocrx_word' id='word_1_351' title='bbox 1773 3943 1873 3997; x_wconf 90' lang='grc'>561·</span> <span class='ocrx_word' id='word_1_352' title='bbox 1948 3941 2136 4008; x_wconf 79' lang='lat' dir='ltr'><em>⁸(non</em></span> <span class='ocrx_word' id='word_1_353' title='bbox 2160 3944 2271 4009; x_wconf 87' lang='lat' dir='ltr'><em>5a),</em></span> <span class='ocrx_word' id='word_1_354' title='bbox 2308 3942 2366 3993; x_wconf 87' lang='lat' dir='ltr'><em>in</em></span> <span class='ocrx_word' id='word_1_355' title='bbox 2392 3940 2518 3997; x_wconf 88' lang='lat' dir='ltr'><em>Ghr.</em></span> <span class='ocrx_word' id='word_1_356' title='bbox 2557 3941 2846 3994; x_wconf 80' lang='lat' dir='ltr'><em>roboratus</em></span> 
     </span>
     <span class='ocr_line' id='line_1_40' title="bbox 604 3942 2922 4082; baseline -0.002 -16"><span class='ocrx_word' id='word_1_357' title='bbox 604 4016 890 4070; x_wconf 80' lang='lat' dir='ltr'><em>Iohannes.</em></span> <span class='ocrx_word' id='word_1_358' title='bbox 964 4016 1147 4082; x_wconf 81' lang='lat' dir='ltr'><em>Neque</em></span> <span class='ocrx_word' id='word_1_359' title='bbox 1195 4030 1318 4066; x_wconf 87' lang='lat' dir='ltr'><em>vero</em></span> <span class='ocrx_word' id='word_1_360' title='bbox 1353 4013 1621 4066; x_wconf 84' lang='lat' dir='ltr'><em>Iohannes</em></span> <span class='ocrx_word' id='word_1_361' title='bbox 1657 4016 1775 4080; x_wconf 82' lang='lat' dir='ltr'><em>ipso</em></span> <span class='ocrx_word' id='word_1_362' title='bbox 1810 3942 1980 4066; x_wconf 77' lang='lat' dir='ltr'><em>codice</em></span> <span class='ocrx_word' id='word_1_363' title='bbox 2016 4012 2101 4067; x_wconf 87' lang='grc'><em>561</em></span> <span class='ocrx_word' id='word_1_364' title='bbox 2137 4029 2271 4065; x_wconf 85' lang='lat' dir='ltr'><em>usus</em></span> <span class='ocrx_word' id='word_1_365' title='bbox 2305 4014 2513 4065; x_wconf 81' lang='lat' dir='ltr'><em>videtur</em></span> <span class='ocrx_word' id='word_1_366' title='bbox 2548 4028 2671 4078; x_wconf 86' lang='lat' dir='ltr'><em>esse,</em></span> <span class='ocrx_word' id='word_1_367' title='bbox 2726 4028 2846 4063; x_wconf 83' lang='lat' dir='ltr'><em>cum</em></span> <span class='ocrx_word' id='word_1_368' title='bbox 2918 4019 2922 4025; x_wconf 89' lang='lat'><em>&#39;</em></span> 
     </span>
     <span class='ocr_line' id='line_1_41' title="bbox 604 4084 2937 4151; baseline -0.003 -12"><span class='ocrx_word' id='word_1_369' title='bbox 604 4088 865 4139; x_wconf 71' lang='lat' dir='ltr'><em>nonnuda</em></span> <span class='ocrx_word' id='word_1_370' title='bbox 901 4088 1092 4139; x_wconf 88' lang='lat' dir='ltr'><em>menda</em></span> <span class='ocrx_word' id='word_1_371' title='bbox 1128 4086 1355 4137; x_wconf 87' lang='lat' dir='ltr'><em>eiusdem</em></span> <span class='ocrx_word' id='word_1_372' title='bbox 1393 4085 1461 4135; x_wconf 85' lang='lat' dir='ltr'><em>ab</em></span> <span class='ocrx_word' id='word_1_373' title='bbox 1497 4087 1670 4151; x_wconf 83' lang='lat' dir='ltr'><em>ipsius</em></span> <span class='ocrx_word' id='word_1_374' title='bbox 1693 4086 2020 4149; x_wconf 72' lang='lat' dir='ltr'><em>Sanctiloyio</em></span> <span class='ocrx_word' id='word_1_375' title='bbox 2056 4084 2277 4148; x_wconf 82' lang='lat' dir='ltr'><em>absint‚·</em></span> <span class='ocrx_word' id='word_1_376' title='bbox 2312 4085 2383 4149; x_wconf 76' lang='lat' dir='ltr'><em>cf.</em></span> <span class='ocrx_word' id='word_1_377' title='bbox 2408 4100 2451 4138; x_wconf 91' lang='grc'><em>6.</em></span> <span class='ocrx_word' id='word_1_378' title='bbox 2480 4086 2513 4139; x_wconf 88' lang='grc'><strong>6</strong></span> <span class='ocrx_word' id='word_1_379' title='bbox 2548 4090 2625 4149; x_wconf 82' lang='lat' dir='ltr'><em>(p.</em></span> <span class='ocrx_word' id='word_1_380' title='bbox 2654 4084 2741 4148; x_wconf 87' lang='grc'>29,</span> <span class='ocrx_word' id='word_1_381' title='bbox 2767 4086 2845 4141; x_wconf 92' lang='grc'><em>2).</em></span> <span class='ocrx_word' id='word_1_382' title='bbox 2882 4092 2937 4131; x_wconf 81' lang='grc' dir='ltr'>4ο</span> 
     </span>
     <span class='ocr_line' id='line_1_42' title="bbox 605 4153 2846 4225; baseline -0.003 -16"><span class='ocrx_word' id='word_1_383' title='bbox 605 4156 931 4210; x_wconf 80' lang='lat' dir='ltr'><em>sciscitando</em></span> <span class='ocrx_word' id='word_1_384' title='bbox 967 4157 1179 4225; x_wconf 79' lang='lat' dir='ltr'><em>profert</em></span> <span class='ocrx_word' id='word_1_385' title='bbox 1213 4156 1368 4208; x_wconf 81' lang='lat' dir='ltr'><em>habet</em></span> <span class='ocrx_word' id='word_1_386' title='bbox 1390 4155 1676 4222; x_wconf 81' lang='lat' dir='ltr'><em>Iohannes,</em></span> <span class='ocrx_word' id='word_1_387' title='bbox 1715 4153 2021 4223; x_wconf 84' lang='lat' dir='ltr'><em>profert—</em></span> <span class='ocrx_word' id='word_1_388' title='bbox 2049 4153 2429 4222; x_wconf 86' lang='lat' dir='ltr'><em>conloquendo</em></span> <span class='ocrx_word' id='word_1_389' title='bbox 2466 4170 2567 4207; x_wconf 88' lang='lat' dir='ltr'><em>om.</em></span> <span class='ocrx_word' id='word_1_390' title='bbox 2594 4154 2678 4209; x_wconf 86' lang='grc'><em>561</em></span> <span class='ocrx_word' id='word_1_391' title='bbox 2714 4154 2846 4220; x_wconf 85' lang='lat' dir='ltr'><em>(non</em></span> 
     </span>
     <span class='ocr_line' id='line_1_43' title="bbox 606 4222 2788 4297; baseline -0.005 -14"><span class='ocrx_word' id='word_1_392' title='bbox 606 4230 695 4283; x_wconf 77' lang='grc' dir='ltr'><em>δα.</em></span> <span class='ocrx_word' id='word_1_393' title='bbox 721 4228 785 4280; x_wconf 90' lang='grc'><em>61</em></span> <span class='ocrx_word' id='word_1_394' title='bbox 806 4228 882 4297; x_wconf 80' lang='lat'><em>⁸),·</em></span> <span class='ocrx_word' id='word_1_395' title='bbox 932 4230 1000 4283; x_wconf 84' lang='lat' dir='ltr'><em>ib.</em></span> <span class='ocrx_word' id='word_1_396' title='bbox 1039 4230 1112 4295; x_wconf 89' lang='lat' dir='ltr'><em>(p.</em></span> <span class='ocrx_word' id='word_1_397' title='bbox 1154 4230 1241 4292; x_wconf 85' lang='lat'><em>33,</em></span> <span class='ocrx_word' id='word_1_398' title='bbox 1279 4228 1386 4294; x_wconf 83' lang='lat'><em>26).</em></span> <span class='ocrx_word' id='word_1_399' title='bbox 1442 4225 1729 4294; x_wconf 84' lang='lat' dir='ltr'><em>Orthorpf]</em></span> <span class='ocrx_word' id='word_1_400' title='bbox 1772 4224 2007 4279; x_wconf 85' lang='lat' dir='ltr'><em>Orthorf</em></span> <span class='ocrx_word' id='word_1_401' title='bbox 2038 4224 2305 4278; x_wconf 80' lang='lat' dir='ltr'><em>Iohannes</em></span> <span class='ocrx_word' id='word_1_402' title='bbox 2338 4242 2458 4277; x_wconf 87' lang='lat' dir='ltr'><em>cum</em></span> <span class='ocrx_word' id='word_1_403' title='bbox 2494 4228 2572 4280; x_wconf 87' lang='grc'><em>26.</em></span> <span class='ocrx_word' id='word_1_404' title='bbox 2610 4227 2696 4279; x_wconf 83' lang='lat' dir='ltr'><em>5a.</em></span> <span class='ocrx_word' id='word_1_405' title='bbox 2723 4222 2788 4274; x_wconf 90' lang='grc'><em>61</em></span> 
     </span>
     <span class='ocr_line' id='line_1_44' title="bbox 606 4296 2847 4367; baseline -0.002 -18"><span class='ocrx_word' id='word_1_406' title='bbox 606 4296 809 4351; x_wconf 86' lang='lat' dir='ltr'><em>Orthos</em></span> <span class='ocrx_word' id='word_1_407' title='bbox 847 4298 947 4355; x_wconf 89' lang='grc'>561.</span> <span class='ocrx_word' id='word_1_408' title='bbox 1082 4299 1138 4367; x_wconf 92' lang='grc'><em>3)</em></span> <span class='ocrx_word' id='word_1_409' title='bbox 1179 4298 1353 4351; x_wconf 69' lang='lat' dir='ltr'><em>Codex</em></span> <span class='ocrx_word' id='word_1_410' title='bbox 1379 4304 1668 4365; x_wconf 79' lang='lat' dir='ltr'><em>postquam</em></span> <span class='ocrx_word' id='word_1_411' title='bbox 1705 4314 1755 4352; x_wconf 85' lang='lat' dir='ltr'><em>a.</em></span> <span class='ocrx_word' id='word_1_412' title='bbox 1797 4298 1954 4351; x_wconf 83' lang='lat'>1731.</span> <span class='ocrx_word' id='word_1_413' title='bbox 1992 4297 2293 4348; x_wconf 79' lang='lat' dir='ltr'><em>incendium</em></span> <span class='ocrx_word' id='word_1_414' title='bbox 2340 4312 2543 4363; x_wconf 86' lang='lat' dir='ltr'><em>passus</em></span> <span class='ocrx_word' id='word_1_415' title='bbox 2593 4302 2685 4360; x_wconf 88' lang='lat' dir='ltr'><em>est,</em></span> <span class='ocrx_word' id='word_1_416' title='bbox 2736 4297 2847 4345; x_wconf 77' lang='lat' dir='ltr'><em>iam</em></span> 
     </span>
     <span class='ocr_line' id='line_1_45' title="bbox 603 4366 2852 4435; baseline -0.002 -17"><span class='ocrx_word' id='word_1_417' title='bbox 603 4374 946 4422; x_wconf 82' lang='lat' dir='ltr'><em>restauratus</em></span> <span class='ocrx_word' id='word_1_418' title='bbox 969 4371 1076 4422; x_wconf 83' lang='lat' dir='ltr'><em>duo</em></span> <span class='ocrx_word' id='word_1_419' title='bbox 1099 4372 1368 4423; x_wconf 82' lang='lat' dir='ltr'><em>volumina</em></span> <span class='ocrx_word' id='word_1_420' title='bbox 1392 4368 1576 4432; x_wconf 80' lang='lat' dir='ltr'><em>efficit,</em></span> <span class='ocrx_word' id='word_1_421' title='bbox 1601 4383 1826 4435; x_wconf 76' lang='lat' dir='ltr'><em>quorum</em></span> <span class='ocrx_word' id='word_1_422' title='bbox 1852 4368 1993 4419; x_wconf 87' lang='lat' dir='ltr'><em>alter</em></span> <span class='ocrx_word' id='word_1_423' title='bbox 2017 4366 2117 4430; x_wconf 80' lang='lat' dir='ltr'><em>fol.</em></span> <span class='ocrx_word' id='word_1_424' title='bbox 2140 4367 2311 4422; x_wconf 83' lang='grc'>1-2’.</span> <span class='ocrx_word' id='word_1_425' title='bbox 2374 4367 2555 4419; x_wconf 81' lang='lat' dir='ltr'><em>Vitam</em></span> <span class='ocrx_word' id='word_1_426' title='bbox 2574 4366 2852 4427; x_wconf 76' lang='lat' dir='ltr'><em>Bonifatii·</em></span> 
     </span>
     <span class='ocr_line' id='line_1_46' title="bbox 601 4438 2937 4508; baseline -0.002 -19"><span class='ocrx_word' id='word_1_427' title='bbox 601 4440 842 4495; x_wconf 81' lang='lat' dir='ltr'><em>continet.</em></span> <span class='ocrx_word' id='word_1_428' title='bbox 976 4442 1034 4508; x_wconf 90' lang='grc'>4)</span> <span class='ocrx_word' id='word_1_429' title='bbox 1079 4442 1163 4506; x_wconf 80' lang='lat' dir='ltr'><em>cf.</em></span> <span class='ocrx_word' id='word_1_430' title='bbox 1202 4439 1437 4505; x_wconf 80' lang='lat' dir='ltr'><em>Krusch,</em></span> <span class='ocrx_word' id='word_1_431' title='bbox 1471 4438 1625 4491; x_wconf 79' lang='lat' dir='ltr'><em>Vitae</em></span> <span class='ocrx_word' id='word_1_432' title='bbox 1648 4446 1952 4491; x_wconf 86' lang='lat' dir='ltr'><em>sanctorum</em></span> <span class='ocrx_word' id='word_1_433' title='bbox 1988 4444 2125 4493; x_wconf 87' lang='lat' dir='ltr'><em>auct.</em></span> <span class='ocrx_word' id='word_1_434' title='bbox 2162 4440 2315 4504; x_wconf 82' lang='lat' dir='ltr'><em>Iona,</em></span> <span class='ocrx_word' id='word_1_435' title='bbox 2358 4440 2514 4502; x_wconf 81' lang='lat'>1905,</span> <span class='ocrx_word' id='word_1_436' title='bbox 2552 4454 2613 4504; x_wconf 87' lang='lat' dir='ltr'><em>p.</em></span> <span class='ocrx_word' id='word_1_437' title='bbox 2654 4438 2775 4490; x_wconf 88' lang='lat'><em>139.</em></span> <span class='ocrx_word' id='word_1_438' title='bbox 2883 4445 2937 4485; x_wconf 73' lang='lat'><em>45</em></span> 
     </span>
    </p>
   </div>
   <div class='ocr_carea' id='block_1_6' title="bbox 3132 3359 3134 4097">
    <p class='ocr_par' dir='ltr' id='par_1_7' title="bbox 3132 3359 3134 4097">
     <span class='ocr_line' id='line_1_47' title="bbox 3132 3359 3134 4097; baseline 0 0"><span class='ocrx_word' id='word_1_439' title='bbox 3132 3359 3134 4097; x_wconf 95' lang='lat' dir='ltr'><em> </em></span> 
     </span>
    </p>
   </div>
  </div>
 </body>
</html>
