3167 5192
720 490 940 546 LXXX
1614 488 2075 549 PRAEFATIO.

719 673 1266 740 underschidliche
1321 672 1583 739 Biicher
1648 673 1975 753 versasset.
2098 673 2399 739 Getruckt
2461 696 2544 740 zu
2602 676 2969 776 Inyolstadt

720 763 923 829 durch
982 762 1351 845 Wolffyanq
1415 762 1599 827 Eder
1669 762 1888 827 1588'.
2005 763 2257 827 Nomen
2316 763 2713 846 Willibaldi,
2786 765 2967 830 cuius

721 852 951 917 librum
1027 857 1246 917 auctor
1320 872 1450 916 non
1537 850 1817 932 viderat,
1910 850 1984 916 in
2062 852 2571 934 praescriptione
2660 852 2965 918 editionis

721 940 1049 1007 Surianae
1115 940 1629 1040 deprehenderat,
1698 946 1883 1022 atque
1942 938 2143 1005 textui
2207 940 2414 1005 Otlohi
2470 941 2802 1023 complura
2868 942 2965 1007 in-

720 1029 880 1107 tulit,
927 1050 1090 1111 quae
1122 1029 1276 1113 pios
1321 1029 1619 1094 lectorum
1662 1028 1915 1093 animos
1972 1028 2393 1109 aedificarent
2434 1030 2965 1113 Lutheranosque
2996 1052 3021 1093 5

719 1118 1124 1197 offenderent.
1210 1117 1423 1183 Vitam
1466 1117 1541 1182 in
1585 1123 1871 1183 nostram
1910 1117 2205 1200 linquam
2234 1117 2601 1184 accuratius
2630 1120 2968 1185 transtulit

933 1207 1152 1272 Kiilb
1229 1207 1271 1272 Ζ.
1343 1207 1384 1271 Ζ.
1456 1206 1576 1287 ΙΙ,
1639 1211 2039 1289 337—395,
2104 1206 2585 1289 praetermissis
2650 1207 2961 1289 epistulis,

715 1316 990 1379 quarum
1034 1302 1266 1361 textum
1310 1294 1774 1378 primiyenium
1818 1293 1894 1360 in
1938 1294 2165 1377 priore
2208 1295 2521 1361 vot-umine
2564 1296 2961 1362 exhibuerat.

1734 1488 1945 1555 VIII.

1085 1616 1467 1698 Leyenda
1524 1612 1968 1695 Bonifatii
2028 1614 2578 1681 Hamelensis.
2992 1642 3039 1680 ιο

925 1740 1161 1806 Brevis
1199 1739 1519 1821 ‘Leyenda
1563 1738 1641 1803 de
1686 1738 2091 1803 ordinatione
2136 1739 2343 1805 sancti
2372 1738 2717 1819 Bonifacii
2730 1740 2747 1767 '
2796 1738 2954 1821 (inc.

715 1830 1070 1896 Gloriosus
1140 1833 1211 1895 ef,
1271 1830 1515 1894 beatus
1575 1829 1977 1893 Bonifacius
2046 1829 2603 1913 archiepiscopus
2665 1830 2956 1913 Magan-

709 1920 954 2003 tinus),
1015 1938 1208 1999 qnam
1267 1918 1458 1982 codex
1513 1937 1677 1981 saec.
1737 1917 1940 1982 XIV.
2000 1938 2173 1983 nunc
2229 1918 2761 1982 Hannoveranns
2817 1939 2957 1983 con-

712 2007 884 2089 tinet,
933 2008 1014 2072 ab
1059 2012 1312 2071 auctore
1363 2006 1635 2087 quodam
1680 2006 2058 2071 Hamelensi
2116 2006 2457 2089 composita
2514 2012 2623 2087 est,
2684 2006 2799 2088 qui
2858 2005 2956 2072 in·
3135 1980 3149 2125 ¹

698 2095 939 2178 primis
973 2094 1416 2162 willibaldum
1461 2094 1771 2159 adhibens
1788 2095 1830 2175 ¹,
1878 2095 2203 2177 compl-ura
2244 2095 2321 2160 in
2366 2094 2643 2160 deterius
2684 2096 2959 2161 mutavit
2992 2120 3037 2159 ιε

709 2204 1073 2265 erroresque
1116 2182 1573 2248 insulsissimos
1604 2183 1875 2249 addidit.
1953 2184 2087 2265 Quo
2116 2190 2281 2265 teste,
2314 2190 2388 2249 at
2412 2190 2619 2250 cetera
2646 2184 2952 2266 omittam,

708 2272 1092 2354 Bonifatius
1149 2293 1290 2337 cum
1347 2270 1520 2336 alias
1575 2272 1871 2338 ecclesias
1928 2272 2224 2355 condidit,
2281 2280 2410 2337 tum
2457 2274 2949 2339 Hamelensem

709 2363 1069 2428 ecclesiam
1126 2363 1202 2425 in
1261 2363 1594 2427 honorem
1654 2362 1843 2427 beati
1900 2362 2195 2427 Romani
2258 2362 2757 2447 predecessoris
2818 2364 2949 2441 sui,

707 2474 912 2536 quam
960 2451 1376 2516 monasterio
1424 2451 1755 2516 Fuldensi
1799 2450 2113 2527 subiecit,
2177 2452 2327 2517 Deo
2374 2455 2787 2535 cooperante
2834 2453 2949 2516 do-

703 2542 884 2605 taviss
929 2545 1002 2606 e⁴b
1048 2540 1284 2605 erexit.
1353 2538 1553 2603 Hunc
1598 2546 1831 2604 textam
1869 2538 2007 2604 Otto
2038 2540 2131 2603 M
2135 2538 2567 2620 einardus,
2620 2538 2950 2605 ‘Hameler
2983 2566 3034 2604 20

715 2626 1350 2710 Geschichtsqnellen'
1399 2625 1840 2709 (‘Zeitschrift
1890 2629 2001 2693 des
2050 2628 2467 2693 historischen
2517 2628 2785 2693 Vereins
2827 2628 2951 2708 fiir

707 2718 1235 2799 Niedersachsen,
1267 2716 1330 2783 J
1322 2717 1616 2799 ahryany
1644 2717 1853 2798 1882’,
1886 2717 2322 2782 Hannoverae
2358 2722 2546 2799 1882,
2573 2738 2645 2799 p.
2678 2717 2945 2800 1—40),
3146 2752 3148 2759 ·

693 2830 764 2889 p.
813 2812 1123 2871 22—29.
1169 2806 1469 2871 exhibens
1489 2808 1513 2845 2
1571 2806 2040 2887 demonstravit,
2101 2806 2467 2889 Leyendwm
2518 2828 2582 2871 a.
2649 2813 2840 2871 1384.
2902 2830 2948 2871 a

705 2895 998 2961 Iohanne
1043 2898 1118 2960 de
1163 2896 1361 2960 Polde
1413 2894 1721 2960 canonico
1784 2892 1844 2979 (†
1896 2893 2087 2977 1395)
2133 2894 2207 2959 in
2269 2893 2592 2961 Chronica
2652 2894 2948 2961 ecclesiae

700 2983 1111 3049 Hamelensis
1158 2982 1274 3064 (ib.
1307 3006 1380 3065 p.
1431 2989 1514 3046 29
1548 2983 1715 3066 sqq.)
1763 2983 2143 3065 exscriptam
2187 3004 2337 3049 esse.
2982 3009 3033 3048 εὖ

1752 3162 1889 3226 ΙΧ.

1305 3285 1804 3371 Gompilatio
1862 3286 2333 3352 Fuldensis.

912 3409 1202 3476 Alterius
1281 3410 1562 3477 auctoris
1636 3410 1983 3477 Fuldensis
2072 3410 2572 3493 compilationem
2662 3410 2945 3477 servavit

699 3504 890 3567 codex
919 3497 1284 3581 Fuldensis,
1317 3520 1488 3565 nanc
1533 3498 1938 3566 bibliothecae
1964 3502 2253 3566 urbanae
2282 3501 2523 3565 Moeno
2537 3538 2557 3547 -
2572 3500 2749 3564 Fra
2763 3522 2811 3567 n
2824 3521 2859 3565 c
2873 3521 2939 3565 o·

698 3588 1118 3669 sartensis
1136 3590 1161 3629 ⁸
1217 3588 1390 3654 inter
1445 3588 1641 3653 libros
1700 3588 1991 3656 ecclesiae
2051 3590 2119 3655 S.
2169 3588 2654 3655 Bartholomaei
2712 3611 2778 3654 n.
2832 3595 2936 3670 63,
2977 3614 3028 3653 ao

696 3698 859 3743 saec.
896 3677 970 3743 X
983 3677 1056 3742 V.
1089 3698 1206 3759 ex„
1236 3679 1488 3758 formae
1515 3677 1778 3759 mediae,
1810 3678 2115 3759 foliorum
2149 3685 2251 3760 96,
2284 3678 2393 3760 qui
2426 3698 2552 3759 per
2574 3677 2940 3743 Iohannem

697 3767 1033 3830 Latomum
1079 3768 1385 3831 decanum
1418 3766 1486 3831 S.
1518 3765 2001 3833 Bartholomaei
2047 3766 2106 3849 (†
2142 3764 2335 3851 1598)
2353 3768 2379 3806 4
2425 3766 2939 3845 Francofurtum

685 3854 1005 3935 pervenit,
1074 3854 1238 3921 sicut
1303 3857 1383 3921 ab
1441 3855 1581 3937 ipso
1639 3854 1714 3919 in
1772 3862 2117 3937 teyumento
2175 3856 2493 3921 anteriore
2560 3856 2937 3921 adnotatum

698 3994 751 4063 1)
791 3994 876 4059 Cf.
913 3993 1236 4045 Meinas-dus
1275 4010 1336 4060 p.
1374 3996 1410 4049 8
1432 4011 1539 4061 sqq.
1722 3994 1781 4061 2)
1820 3994 1903 4057 Of.
1942 4012 2003 4047 ea
2040 4010 2175 4061 quae
2209 3994 2533 4046 Meinardus
2567 3994 2635 4053 ib,
2680 4012 2733 4048 a.
2777 3996 2933 4049 1884.

687 4082 746 4132 p.
785 4066 1102 4120 264—266.
1153 4066 1216 4117 de
1264 4067 1430 4117 codice
1480 4066 1877 4117 Hannoverano
1922 4071 2133 4134 reperto
2183 4066 2414 4119 addidit.
2628 4065 2687 4133 3)
2740 4065 2937 4133 Ipsum
2972 4074 3024 4115 35

695 4138 923 4189 breviter
943 4138 1225 4203 descripsit
1248 4136 1464 4202 Βούτου,
1489 4137 1731 4189 ‘Archiv’
1748 4137 1829 4202 II,
1852 4139 1958 4192 200
1966 4154 2048 4204 sq.
2160 4140 2218 4204 4)
2247 4138 2329 4189 Dc
2350 4152 2455 4203 9αο
2478 4137 2552 4201 cf.
2572 4136 2645 4191 R.
2663 4136 2934 4202 Frontina

695 4208 914 4261 ‘Archiv
950 4209 1053 4273 far
1085 4208 1437 4272 Frankfuns
1473 4208 1790 4273 Geschichte,
1824 4208 1969 4259 Neue
2002 4207 2181 4275 Folqe'
2218 4208 2375 4275 VIII,
2416 4209 2571 4273 1882,
2602 4225 2660 4275 p.
2693 4208 2802 4263 233
2819 4222 2933 4275 sqq.

694 4279 954 4332 Latomus
991 4280 1023 4339 Ζ
1049 4278 1086 4333 Ζ.
1125 4280 1193 4345 (v.
1212 4295 1272 4345 p.
1298 4278 1420 4344 LX,
1449 4282 1544 4341 33)
1579 4280 1673 4334 col.
1700 4246 2223 4345 4331'sq.441—454.
2261 4246 2385 4334 478'.
2418 4284 2637 4346 praeter
2664 4276 2934 4343 Otlohum,

693 4366 846 4417 quem
880 4353 1088 4403 nomine
1114 4350 1447 4403 ‘Willibaldi
1468 4349 1809 4417 Eystetensis’
1847 4353 2043 4416 citavit,
2078 4353 2241 4403 etiam
2266 4350 2555 4419 compilati
2554 4366 2646 4402 one
2668 4348 2941 4401 Fuldensi'
3146 4410 3148 4415 .

696 4422 764 4473 ab
801 4424 916 4489 ipso
954 4423 1219 4489 aequisita
1255 4438 1386 4475 usus
1421 4428 1515 4487 est,
1550 4424 1705 4474 cuius
1736 4427 2000 4475 auctorem
2025 4423 2455 4475 ‘abbreviatorem
2490 4420 2797 4473 Wilzibaldi
2830 4420 2936 4473 sub
2969 4432 3025 4471 40
3146 4430 3148 4479 ξ

704 4492 987 4559 Williyiso’
1022 4495 1236 4548 vocavit.
