<?xml version="1.0" encoding="UTF-8"?>
<!DOCTYPE html PUBLIC "-//W3C//DTD XHTML 1.0 Transitional//EN"
    "http://www.w3.org/TR/xhtml1/DTD/xhtml1-transitional.dtd">
<html xmlns="http://www.w3.org/1999/xhtml" xml:lang="en" lang="en">
 <head>
  <title>
</title>
<meta http-equiv="Content-Type" content="text/html;charset=utf-8" />
  <meta name='ocr-system' content='tesseract 3.04.00' />
  <meta name='ocr-capabilities' content='ocr_page ocr_carea ocr_par ocr_line ocrx_word'/>
</head>
<body>
  <div class='ocr_page' id='page_1' title='image "./vitaesanctiboni00mogugoog_0240.png"; bbox 0 0 3167 5192; ppageno 0'>
   <div class='ocr_carea' id='block_1_1' title="bbox 455 521 2458 583">
    <p class='ocr_par' dir='ltr' id='par_1_1' title="bbox 455 521 2458 583">
     <span class='ocr_line' id='line_1_1' title="bbox 455 521 2458 583; baseline 0.002 -4"><span class='ocrx_word' id='word_1_1' title='bbox 455 523 698 579; x_wconf 82' lang='lat' dir='ltr'><strong>VITAE</strong></span> <span class='ocrx_word' id='word_1_2' title='bbox 734 522 1137 578; x_wconf 83' lang='lat' dir='ltr'>BONIFATII</span> <span class='ocrx_word' id='word_1_3' title='bbox 1172 521 1529 579; x_wconf 79' lang='lat' dir='ltr'>AUCTORE</span> <span class='ocrx_word' id='word_1_4' title='bbox 1566 522 1874 579; x_wconf 80' lang='lat' dir='ltr'>OTLOHO</span> <span class='ocrx_word' id='word_1_5' title='bbox 1912 522 2148 579; x_wconf 77' lang='lat' dir='ltr'>LIBER</span> <span class='ocrx_word' id='word_1_6' title='bbox 2171 524 2218 580; x_wconf 93' lang='lat'><strong><em>1.</em></strong></span> <span class='ocrx_word' id='word_1_7' title='bbox 2354 528 2458 583; x_wconf 80' lang='lat'><strong><em>145</em></strong></span> 
     </span>
    </p>
   </div>
   <div class='ocr_carea' id='block_1_2' title="bbox 200 700 2700 789">
    <p class='ocr_par' dir='ltr' id='par_1_2' title="bbox 200 700 2700 789">
     <span class='ocr_line' id='line_1_2' title="bbox 200 700 2700 789; baseline 0 -16"><span class='ocrx_word' id='word_1_8' title='bbox 200 713 572 773; x_wconf 75' lang='lat' dir='ltr'><em>examinatio</em></span> <span class='ocrx_word' id='word_1_9' title='bbox 608 712 919 787; x_wconf 85' lang='lat' dir='ltr'><strong><em>provenire</em></strong></span> <span class='ocrx_word' id='word_1_10' title='bbox 954 731 1003 786; x_wconf 87' lang='lat' dir='ltr'><strong><em>p</em></strong></span> <span class='ocrx_word' id='word_1_11' title='bbox 1017 730 1049 771; x_wconf 95' lang='lat' dir='ltr'><strong><em>o</em></strong></span> <span class='ocrx_word' id='word_1_12' title='bbox 1063 730 1093 771; x_wconf 89' lang='lat' dir='ltr'><strong><em>s</em></strong></span> <span class='ocrx_word' id='word_1_13' title='bbox 1105 712 1172 771; x_wconf 88' lang='lat' dir='ltr'><strong><em>si</em></strong></span> <span class='ocrx_word' id='word_1_14' title='bbox 1187 716 1211 771; x_wconf 91' lang='lat' dir='ltr'><strong><em>t</em></strong></span> <span class='ocrx_word' id='word_1_15' title='bbox 1262 700 1301 771; x_wconf 83' lang='lat' dir='ltr'><strong><em>a</em></strong></span> <span class='ocrx_word' id='word_1_16' title='bbox 1316 716 1339 771; x_wconf 91' lang='lat' dir='ltr'><strong><em>t</em></strong></span> <span class='ocrx_word' id='word_1_17' title='bbox 1352 730 1389 785; x_wconf 82' lang='lat' dir='ltr'><strong><em>q</em></strong></span> <span class='ocrx_word' id='word_1_18' title='bbox 1402 730 1441 771; x_wconf 91' lang='lat' dir='ltr'><strong><em>u</em></strong></span> <span class='ocrx_word' id='word_1_19' title='bbox 1454 730 1483 770; x_wconf 92' lang='lat' dir='ltr'><strong><em>e</em></strong></span> <span class='ocrx_word' id='word_1_20' title='bbox 1499 758 1519 781; x_wconf 89' lang='lat'><strong><em>,</em></strong></span> <span class='ocrx_word' id='word_1_21' title='bbox 1564 716 1632 770; x_wconf 84' lang='lat' dir='ltr'><strong><em>ut</em></strong></span> <span class='ocrx_word' id='word_1_22' title='bbox 1673 712 1976 771; x_wconf 76' lang='lat' dir='ltr'><strong><em>necessitas</em></strong></span> <span class='ocrx_word' id='word_1_23' title='bbox 2019 713 2457 789; x_wconf 79' lang='lat' dir='ltr'><strong><em>uniuscuiusque</em></strong></span> <span class='ocrx_word' id='word_1_24' title='bbox 2473 732 2612 781; x_wconf 70' lang='lat' dir='ltr'><strong><em>Epist.</em></strong></span> <span class='ocrx_word' id='word_1_25' title='bbox 2633 734 2700 773; x_wconf 78' lang='lat'><strong><em>44.</em></strong></span> 
     </span>
    </p>
   </div>
   <div class='ocr_carea' id='block_1_3' title="bbox 106 800 2456 4169">
    <p class='ocr_par' dir='ltr' id='par_1_3' title="bbox 106 800 2456 4169">
     <span class='ocr_line' id='line_1_3' title="bbox 190 800 2453 877; baseline 0.001 -16"><span class='ocrx_word' id='word_1_26' title='bbox 190 803 559 877; x_wconf 75' lang='lat' dir='ltr'><strong><em>poposcerit,</em></strong></span> <span class='ocrx_word' id='word_1_27' title='bbox 596 802 708 875; x_wconf 89' lang='lat' dir='ltr'><strong><em>pia</em></strong></span> <span class='ocrx_word' id='word_1_28' title='bbox 752 801 1025 860; x_wconf 83' lang='lat' dir='ltr'><strong><em>educatio</em></strong></span> <span class='ocrx_word' id='word_1_29' title='bbox 1076 820 1115 861; x_wconf 93' lang='lat' dir='ltr'><strong><em>a</em></strong></span> <span class='ocrx_word' id='word_1_30' title='bbox 1128 820 1164 876; x_wconf 82' lang='lat'><em>9</em></span> <span class='ocrx_word' id='word_1_31' title='bbox 1178 805 1307 860; x_wconf 87' lang='lat' dir='ltr'><strong><em>atu</em></strong></span> <span class='ocrx_word' id='word_1_32' title='bbox 1320 819 1373 859; x_wconf 86' lang='lat' dir='ltr'><strong><em>r.</em></strong></span> <span class='ocrx_word' id='word_1_33' title='bbox 1474 800 1634 860; x_wconf 91' lang='lat' dir='ltr'><strong><em>Unde</em></strong></span> <span class='ocrx_word' id='word_1_34' title='bbox 1677 801 1980 861; x_wconf 87' lang='lat' dir='ltr'><strong><em>secundum</em></strong></span> <span class='ocrx_word' id='word_1_35' title='bbox 2025 803 2272 877; x_wconf 90' lang='lat' dir='ltr'><strong><em>apostoli</em></strong></span> <span class='ocrx_word' id='word_1_36' title='bbox 2329 803 2453 863; x_wconf 88' lang='lat' dir='ltr'><strong><em>doc-</em></strong></span> 
     </span>
     <span class='ocr_line' id='line_1_4' title="bbox 204 890 2453 964; baseline 0.001 -15"><span class='ocrx_word' id='word_1_37' title='bbox 204 892 437 951; x_wconf 77' lang='lat' dir='ltr'><strong><em>trinam</em></strong></span> <span class='ocrx_word' id='word_1_38' title='bbox 482 908 769 951; x_wconf 76' lang='lat' dir='ltr'><strong><em>ammoneo</em></strong></span> <span class='ocrx_word' id='word_1_39' title='bbox 814 894 869 949; x_wconf 88' lang='lat' dir='ltr'><strong><em>et</em></strong></span> <span class='ocrx_word' id='word_1_40' title='bbox 912 890 1113 949; x_wconf 86' lang='lat' dir='ltr'><strong><em>hortor</em></strong></span> <span class='ocrx_word' id='word_1_41' title='bbox 1155 907 1274 960; x_wconf 84' lang='lat' dir='ltr'><strong><em>vos,</em></strong></span> <span class='ocrx_word' id='word_1_42' title='bbox 1320 890 1642 961; x_wconf 78' lang='lat' dir='ltr'><strong><em>karissimi,</em></strong></span> <span class='ocrx_word' id='word_1_43' title='bbox 1677 908 1793 964; x_wconf 89' lang='lat' dir='ltr'><strong><em>per</em></strong></span> <span class='ocrx_word' id='word_1_44' title='bbox 1827 890 2286 951; x_wconf 86' lang='lat' dir='ltr'><strong><em>misericordiam</em></strong></span> <span class='ocrx_word' id='word_1_45' title='bbox 2314 890 2453 963; x_wconf 90' lang='lat' dir='ltr'><strong><em>Dei,</em></strong></span> 
     </span>
     <span class='ocr_line' id='line_1_5' title="bbox 204 978 2456 1055; baseline 0 -16"><span class='ocrx_word' id='word_1_46' title='bbox 204 985 278 1039; x_wconf 79' lang='lat' dir='ltr'><strong><em>ut</em></strong></span> <span class='ocrx_word' id='word_1_47' title='bbox 338 980 507 1055; x_wconf 76' lang='lat' dir='ltr'><strong><em>diyne</em></strong></span> <span class='ocrx_word' id='word_1_48' title='bbox 564 979 865 1039; x_wconf 81' lang='lat' dir='ltr'><strong><em>ambuletis</em></strong></span> <span class='ocrx_word' id='word_1_49' title='bbox 920 980 1213 1039; x_wconf 85' lang='lat' dir='ltr'><strong><em>vocatione</em></strong></span> <span class='ocrx_word' id='word_1_50' title='bbox 1272 978 1425 1053; x_wconf 69' lang='lat' dir='ltr'><strong><em>quaa</em></strong></span> <span class='ocrx_word' id='word_1_51' title='bbox 1480 979 1668 1038; x_wconf 85' lang='lat' dir='ltr'><strong><em>vocati</em></strong></span> <span class='ocrx_word' id='word_1_52' title='bbox 1732 980 1888 1049; x_wconf 89' lang='lat' dir='ltr'><strong><em>estis,</em></strong></span> <span class='ocrx_word' id='word_1_53' title='bbox 1948 984 2014 1039; x_wconf 86' lang='lat' dir='ltr'><strong><em>ut</em></strong></span> <span class='ocrx_word' id='word_1_54' title='bbox 2069 980 2456 1039; x_wconf 87' lang='lat' dir='ltr'><strong><em>ministerium</em></strong></span> 
     </span>
     <span class='ocr_line' id='line_1_6' title="bbox 128 1066 2456 1143; baseline 0.001 -18"><span class='ocrx_word' id='word_1_55' title='bbox 128 1086 163 1125; x_wconf 80' lang='lat'><strong>5</strong></span> <span class='ocrx_word' id='word_1_56' title='bbox 205 1074 468 1128; x_wconf 87' lang='lat' dir='ltr'><strong><em>vestrum</em></strong></span> <span class='ocrx_word' id='word_1_57' title='bbox 500 1070 827 1143; x_wconf 78' lang='lat' dir='ltr'><strong><em>perfectum</em></strong></span> <span class='ocrx_word' id='word_1_58' title='bbox 870 1067 950 1125; x_wconf 92' lang='lat' dir='ltr'><strong><em>sit</em></strong></span> <span class='ocrx_word' id='word_1_59' title='bbox 994 1086 1188 1127; x_wconf 88' lang='lat' dir='ltr'><strong><em>coram</em></strong></span> <span class='ocrx_word' id='word_1_60' title='bbox 1231 1066 1379 1127; x_wconf 87' lang='lat' dir='ltr'><strong><em>Dec.</em></strong></span> <span class='ocrx_word' id='word_1_61' title='bbox 1478 1067 1838 1142; x_wconf 89' lang='lat' dir='ltr'><strong><em>Oportunum</em></strong></span> <span class='ocrx_word' id='word_1_62' title='bbox 1894 1086 2137 1143; x_wconf 80' lang='lat' dir='ltr'><strong><em>namque</em></strong></span> <span class='ocrx_word' id='word_1_63' title='bbox 2193 1074 2295 1140; x_wconf 85' lang='lat' dir='ltr'><strong><em>est,</em></strong></span> <span class='ocrx_word' id='word_1_64' title='bbox 2355 1088 2456 1129; x_wconf 86' lang='lat' dir='ltr'><strong><em>vos</em></strong></span> 
     </span>
     <span class='ocr_line' id='line_1_7' title="bbox 203 1146 2452 1231; baseline 0.001 -16"><span class='ocrx_word' id='word_1_65' title='bbox 203 1175 378 1217; x_wconf 86' lang='lat' dir='ltr'><strong><em>nosse</em></strong></span> <span class='ocrx_word' id='word_1_66' title='bbox 437 1160 686 1229; x_wconf 78' lang='lat' dir='ltr'><strong><em>fratrem</em></strong></span> <span class='ocrx_word' id='word_1_67' title='bbox 746 1175 813 1215; x_wconf 92' lang='lat' dir='ltr'><strong><em>ac</em></strong></span> <span class='ocrx_word' id='word_1_68' title='bbox 870 1157 1257 1231; x_wconf 77' lang='lat' dir='ltr'><strong><em>coepiscopum</em></strong></span> <span class='ocrx_word' id='word_1_69' title='bbox 1308 1162 1590 1227; x_wconf 88' lang='lat' dir='ltr'><strong><em>nostrum,</em></strong></span> <span class='ocrx_word' id='word_1_70' title='bbox 1641 1162 1964 1231; x_wconf 77' lang='lat' dir='ltr'><strong><em>presentem</em></strong></span> <span class='ocrx_word' id='word_1_71' title='bbox 2007 1146 2452 1229; x_wconf 73' lang='lat' dir='ltr'><strong><em>Bonifatiumb‚</em></strong></span> 
     </span>
     <span class='ocr_line' id='line_1_8' title="bbox 204 1245 2455 1321; baseline 0 -16"><span class='ocrx_word' id='word_1_72' title='bbox 204 1250 475 1305; x_wconf 84' lang='lat' dir='ltr'><strong><em>nostram</em></strong></span> <span class='ocrx_word' id='word_1_73' title='bbox 518 1250 769 1321; x_wconf 74' lang='lat' dir='ltr'><strong><em>ayentem</em></strong></span> <span class='ocrx_word' id='word_1_74' title='bbox 813 1246 1011 1315; x_wconf 87' lang='lat' dir='ltr'><strong><em>vicem,</em></strong></span> <span class='ocrx_word' id='word_1_75' title='bbox 1070 1264 1197 1305; x_wconf 87' lang='lat' dir='ltr'><strong><em>cum</em></strong></span> <span class='ocrx_word' id='word_1_76' title='bbox 1240 1245 1413 1320; x_wconf 76' lang='lat' dir='ltr'><strong><em>diyno</em></strong></span> <span class='ocrx_word' id='word_1_77' title='bbox 1458 1250 1513 1305; x_wconf 91' lang='lat' dir='ltr'><strong><em>et</em></strong></span> <span class='ocrx_word' id='word_1_78' title='bbox 1570 1245 1754 1305; x_wconf 90' lang='lat' dir='ltr'><strong><em>debito</em></strong></span> <span class='ocrx_word' id='word_1_79' title='bbox 1811 1247 2024 1305; x_wconf 88' lang='lat' dir='ltr'><strong><em>honore</em></strong></span> <span class='ocrx_word' id='word_1_80' title='bbox 2067 1265 2184 1321; x_wconf 89' lang='lat' dir='ltr'><strong><em>pro</em></strong></span> <span class='ocrx_word' id='word_1_81' title='bbox 2233 1245 2455 1306; x_wconf 76' lang='lat' dir='ltr'><strong><em>Christi</em></strong></span> 
     </span>
     <span class='ocr_line' id='line_1_9' title="bbox 205 1334 2456 1417; baseline 0.001 -24"><span class='ocrx_word' id='word_1_82' title='bbox 205 1336 443 1395; x_wconf 90' lang='lat' dir='ltr'><strong><em>nomine</em></strong></span> <span class='ocrx_word' id='word_1_83' title='bbox 468 1334 790 1409; x_wconf 75' lang='lat' dir='ltr'><strong><em>suscipere⁰</em></strong></span> <span class='ocrx_word' id='word_1_84' title='bbox 806 1380 819 1393; x_wconf 94' lang='lat'><strong>.</strong></span> <span class='ocrx_word' id='word_1_85' title='bbox 890 1334 975 1393; x_wconf 79' lang='lat' dir='ltr'><strong><em>Et</em></strong></span> <span class='ocrx_word' id='word_1_86' title='bbox 1000 1334 1387 1393; x_wconf 83' lang='lat' dir='ltr'><strong><em>ministerium</em></strong></span> <span class='ocrx_word' id='word_1_87' title='bbox 1414 1335 1850 1413; x_wconf 73' lang='lat' dir='ltr'><strong><em>ecclesiasticum</em></strong></span> <span class='ocrx_word' id='word_1_88' title='bbox 1879 1353 2006 1395; x_wconf 87' lang='lat' dir='ltr'><strong><em>cum</em></strong></span> <span class='ocrx_word' id='word_1_89' title='bbox 2035 1334 2148 1408; x_wconf 81' lang='lat' dir='ltr'><strong><em>fide</em></strong></span> <span class='ocrx_word' id='word_1_90' title='bbox 2177 1336 2456 1417; x_wconf 88' lang='lat' dir='ltr'><strong><em>catholica</em></strong></span> 
     </span>
     <span class='ocr_line' id='line_1_10' title="bbox 202 1414 2455 1499; baseline 0 -16"><span class='ocrx_word' id='word_1_91' title='bbox 202 1424 521 1483; x_wconf 84' lang='lat' dir='ltr'><strong><em>secwndum</em></strong></span> <span class='ocrx_word' id='word_1_92' title='bbox 584 1414 839 1483; x_wconf 73' lang='lat' dir='ltr'><strong><em>moremd</em></strong></span> <span class='ocrx_word' id='word_1_93' title='bbox 904 1428 960 1482; x_wconf 95' lang='lat' dir='ltr'><strong><em>et</em></strong></span> <span class='ocrx_word' id='word_1_94' title='bbox 1026 1442 1289 1483; x_wconf 88' lang='lat' dir='ltr'><strong><em>normam</em></strong></span> <span class='ocrx_word' id='word_1_95' title='bbox 1346 1428 1575 1483; x_wconf 88' lang='lat' dir='ltr'><strong><em>sanctae</em></strong></span> <span class='ocrx_word' id='word_1_96' title='bbox 1633 1424 1942 1484; x_wconf 87' lang='lat' dir='ltr'><strong><em>catholicae</em></strong></span> <span class='ocrx_word' id='word_1_97' title='bbox 2000 1430 2054 1483; x_wconf 88' lang='lat' dir='ltr'><strong><em>et</em></strong></span> <span class='ocrx_word' id='word_1_98' title='bbox 2111 1426 2455 1499; x_wconf 89' lang='lat' dir='ltr'><strong><em>apostolicae</em></strong></span> 
     </span>
     <span class='ocr_line' id='line_1_11' title="bbox 106 1511 2452 1593; baseline 0.002 -25"><span class='ocrx_word' id='word_1_99' title='bbox 106 1530 166 1568; x_wconf 88' lang='lat'><strong><em>10</em></strong></span> <span class='ocrx_word' id='word_1_100' title='bbox 204 1512 333 1571; x_wconf 89' lang='lat' dir='ltr'><strong><em>Dei</em></strong></span> <span class='ocrx_word' id='word_1_101' title='bbox 377 1512 657 1593; x_wconf 66' lang='lat' dir='ltr'><strong><em>ecclesiae,</em></strong></span> <span class='ocrx_word' id='word_1_102' title='bbox 704 1530 839 1587; x_wconf 80' lang='lat' dir='ltr'><strong><em>qua,</em></strong></span> <span class='ocrx_word' id='word_1_103' title='bbox 882 1512 1285 1571; x_wconf 82' lang='lat' dir='ltr'><strong><em>misericordia</em></strong></span> <span class='ocrx_word' id='word_1_104' title='bbox 1326 1511 1445 1571; x_wconf 89' lang='lat' dir='ltr'><strong><em>Dei</em></strong></span> <span class='ocrx_word' id='word_1_105' title='bbox 1478 1513 1865 1587; x_wconf 81' lang='lat' dir='ltr'><strong><em>preveniente,</em></strong></span> <span class='ocrx_word' id='word_1_106' title='bbox 1900 1530 2130 1588; x_wconf 88' lang='lat' dir='ltr'><strong><em>preesse</em></strong></span> <span class='ocrx_word' id='word_1_107' title='bbox 2172 1514 2452 1584; x_wconf 86' lang='lat' dir='ltr'><strong><em>videmur,</em></strong></span> 
     </span>
     <span class='ocr_line' id='line_1_12' title="bbox 204 1602 2452 1677; baseline 0 -16"><span class='ocrx_word' id='word_1_108' title='bbox 204 1603 364 1661; x_wconf 85' lang='lat' dir='ltr'><strong><em>sicut</em></strong></span> <span class='ocrx_word' id='word_1_109' title='bbox 408 1602 725 1677; x_wconf 87' lang='lat' dir='ltr'><strong><em>apostolica</em></strong></span> <span class='ocrx_word' id='word_1_110' title='bbox 769 1602 1110 1661; x_wconf 88' lang='lat' dir='ltr'><strong><em>auctoritate</em></strong></span> <span class='ocrx_word' id='word_1_111' title='bbox 1154 1620 1193 1659; x_wconf 90' lang='lat' dir='ltr'><strong><em>a</em></strong></span> <span class='ocrx_word' id='word_1_112' title='bbox 1235 1602 1399 1661; x_wconf 88' lang='lat' dir='ltr'><strong><em>nobis</em></strong></span> <span class='ocrx_word' id='word_1_113' title='bbox 1442 1602 1758 1662; x_wconf 77' lang='lat' dir='ltr'><strong><em>destinatus</em></strong></span> <span class='ocrx_word' id='word_1_114' title='bbox 1801 1606 1904 1672; x_wconf 87' lang='lat' dir='ltr'><strong><em>est,</em></strong></span> <span class='ocrx_word' id='word_1_115' title='bbox 1951 1603 2024 1661; x_wconf 93' lang='lat' dir='ltr'><strong><em>ab</em></strong></span> <span class='ocrx_word' id='word_1_116' title='bbox 2054 1622 2116 1661; x_wconf 89' lang='lat' dir='ltr'><strong><em>eo</em></strong></span> <span class='ocrx_word' id='word_1_117' title='bbox 2145 1602 2452 1677; x_wconf 84' lang='lat' dir='ltr'><strong><em>suscipien-</em></strong></span> 
     </span>
     <span class='ocr_line' id='line_1_13' title="bbox 208 1690 2450 1766; baseline 0.001 -17"><span class='ocrx_word' id='word_1_118' title='bbox 208 1696 296 1749; x_wconf 89' lang='lat' dir='ltr'><strong><em>tes</em></strong></span> <span class='ocrx_word' id='word_1_119' title='bbox 342 1691 648 1766; x_wconf 75' lang='lat' dir='ltr'><strong><em>diynanter</em></strong></span> <span class='ocrx_word' id='word_1_120' title='bbox 693 1690 931 1749; x_wconf 89' lang='lat' dir='ltr'><strong><em>teneatis</em></strong></span> <span class='ocrx_word' id='word_1_121' title='bbox 974 1695 1029 1750; x_wconf 86' lang='lat' dir='ltr'><strong><em>et</em></strong></span> <span class='ocrx_word' id='word_1_122' title='bbox 1070 1690 1413 1766; x_wconf 74' lang='lat' dir='ltr'><strong><em>qentilitatis</em></strong></span> <span class='ocrx_word' id='word_1_123' title='bbox 1454 1691 1638 1749; x_wconf 86' lang='lat' dir='ltr'><strong><em>ritum</em></strong></span> <span class='ocrx_word' id='word_1_124' title='bbox 1681 1696 1736 1751; x_wconf 90' lang='lat' dir='ltr'><strong><em>et</em></strong></span> <span class='ocrx_word' id='word_1_125' title='bbox 1763 1691 2090 1751; x_wconf 87' lang='lat' dir='ltr'><strong><em>doctrinam</em></strong></span> <span class='ocrx_word' id='word_1_126' title='bbox 2118 1693 2205 1750; x_wconf 85' lang='lat' dir='ltr'><strong><em>vel</em></strong></span> <span class='ocrx_word' id='word_1_127' title='bbox 2233 1692 2450 1750; x_wconf 88' lang='lat' dir='ltr'><strong><em>venien-</em></strong></span> 
     </span>
     <span class='ocr_line' id='line_1_14' title="bbox 207 1778 2454 1851; baseline 0 -12"><span class='ocrx_word' id='word_1_128' title='bbox 207 1780 361 1839; x_wconf 87' lang='lat' dir='ltr'><strong><em>tium</em></strong></span> <span class='ocrx_word' id='word_1_129' title='bbox 418 1778 797 1839; x_wconf 72' lang='lat' dir='ltr'><strong><em>Brittonum0</em></strong></span> <span class='ocrx_word' id='word_1_130' title='bbox 864 1779 953 1838; x_wconf 83' lang='lat' dir='ltr'><strong><em>vel</em></strong></span> <span class='ocrx_word' id='word_1_131' title='bbox 1012 1780 1301 1850; x_wconf 80' lang='lat' dir='ltr'><strong><em>falsorum</em></strong></span> <span class='ocrx_word' id='word_1_132' title='bbox 1356 1780 1713 1839; x_wconf 89' lang='lat' dir='ltr'><strong><em>sacerdotum</em></strong></span> <span class='ocrx_word' id='word_1_133' title='bbox 1771 1785 1839 1840; x_wconf 90' lang='lat' dir='ltr'><strong><em>et</em></strong></span> <span class='ocrx_word' id='word_1_134' title='bbox 1896 1781 2292 1851; x_wconf 79' lang='lat' dir='ltr'><strong><em>hereticorum,</em></strong></span> <span class='ocrx_word' id='word_1_135' title='bbox 2351 1784 2454 1839; x_wconf 88' lang='lat' dir='ltr'><strong><em>aut</em></strong></span> 
     </span>
     <span class='ocr_line' id='line_1_15' title="bbox 178 1858 2455 1943; baseline 0 -16"><span class='ocrx_word' id='word_1_136' title='bbox 178 1869 594 1943; x_wconf 30' lang='lat' dir='ltr'><strong><em>‘undecumque</em></strong></span> <span class='ocrx_word' id='word_1_137' title='bbox 658 1868 804 1939; x_wconf 88' lang='lat' dir='ltr'><strong><em>sint,</em></strong></span> <span class='ocrx_word' id='word_1_138' title='bbox 874 1872 1165 1928; x_wconf 68' lang='lat' dir='ltr'><strong><em>renuentes</em></strong></span> <span class='ocrx_word' id='word_1_139' title='bbox 1230 1886 1299 1927; x_wconf 90' lang='lat' dir='ltr'><strong><em>ac</em></strong></span> <span class='ocrx_word' id='word_1_140' title='bbox 1354 1868 1724 1943; x_wconf 74' lang='lat' dir='ltr'><strong><em>prohibentes</em></strong></span> <span class='ocrx_word' id='word_1_141' title='bbox 1789 1869 2058 1929; x_wconf 76' lang='lat' dir='ltr'><strong><em>obiciatis</em></strong></span> <span class='ocrx_word' id='word_1_142' title='bbox 2072 1858 2124 1928; x_wconf 79' lang='lat' dir='ltr'><strong><em>f.</em></strong></span> <span class='ocrx_word' id='word_1_143' title='bbox 2239 1869 2325 1927; x_wconf 83' lang='lat' dir='ltr'><strong><em>Et</em></strong></span> <span class='ocrx_word' id='word_1_144' title='bbox 2388 1872 2455 1927; x_wconf 89' lang='lat' dir='ltr'><strong><em>ut</em></strong></span> 
     </span>
     <span class='ocr_line' id='line_1_16' title="bbox 108 1957 2456 2032; baseline 0.002 -20"><span class='ocrx_word' id='word_1_145' title='bbox 108 1972 166 2012; x_wconf 79' lang='lat'><strong><em>15</em></strong></span> <span class='ocrx_word' id='word_1_146' title='bbox 194 1958 489 2032; x_wconf 87' lang='lat' dir='ltr'><strong><em>populum</em></strong></span> <span class='ocrx_word' id='word_1_147' title='bbox 530 1957 691 2015; x_wconf 84' lang='lat' dir='ltr'><strong><em>vobis</em></strong></span> <span class='ocrx_word' id='word_1_148' title='bbox 734 1976 773 2016; x_wconf 91' lang='lat' dir='ltr'><strong><em>a</em></strong></span> <span class='ocrx_word' id='word_1_149' title='bbox 800 1967 829 2015; x_wconf 53' lang='lat'><strong><em>⁴·</em></strong></span> <span class='ocrx_word' id='word_1_150' title='bbox 860 1976 929 2015; x_wconf 88' lang='lat' dir='ltr'><strong><em>·-··o</em></strong></span> <span class='ocrx_word' id='word_1_151' title='bbox 972 1958 1329 2016; x_wconf 88' lang='lat' dir='ltr'><strong><em>commissum</em></strong></span> <span class='ocrx_word' id='word_1_152' title='bbox 1362 1957 1491 2031; x_wconf 88' lang='lat' dir='ltr'><strong><em>piis</em></strong></span> <span class='ocrx_word' id='word_1_153' title='bbox 1533 1957 2037 2017; x_wconf 77' lang='lat' dir='ltr'><strong><em>ammonitionibus</em></strong></span> <span class='ocrx_word' id='word_1_154' title='bbox 2079 1957 2357 2017; x_wconf 85' lang='lat' dir='ltr'><strong><em>edoceatis</em></strong></span> <span class='ocrx_word' id='word_1_155' title='bbox 2399 1961 2456 2016; x_wconf 91' lang='lat' dir='ltr'><strong><em>et</em></strong></span> 
     </span>
     <span class='ocr_line' id='line_1_17' title="bbox 208 2044 2454 2121; baseline 0 -16"><span class='ocrx_word' id='word_1_156' title='bbox 208 2066 252 2105; x_wconf 92' lang='lat' dir='ltr'><strong><em>a</em></strong></span> <span class='ocrx_word' id='word_1_157' title='bbox 310 2044 621 2119; x_wconf 82' lang='lat' dir='ltr'><strong><em>sacrificiis</em></strong></span> <span class='ocrx_word' id='word_1_158' title='bbox 678 2050 1037 2105; x_wconf 87' lang='lat' dir='ltr'><strong><em>mortuorum</em></strong></span> <span class='ocrx_word' id='word_1_159' title='bbox 1088 2047 1317 2105; x_wconf 89' lang='lat' dir='ltr'><strong><em>omnino</em></strong></span> <span class='ocrx_word' id='word_1_160' title='bbox 1376 2047 1878 2117; x_wconf 87' lang='lat' dir='ltr'><strong><em>abstineatis,</em></strong></span> <span class='ocrx_word' id='word_1_161' title='bbox 1947 2052 2004 2105; x_wconf 92' lang='lat' dir='ltr'><strong><em>et</em></strong></span> <span class='ocrx_word' id='word_1_162' title='bbox 2067 2047 2240 2106; x_wconf 74' lang='lat' dir='ltr'><strong><em>iuxta</em></strong></span> <span class='ocrx_word' id='word_1_163' title='bbox 2305 2046 2454 2121; x_wconf 80' lang='lat' dir='ltr'><strong><em>quod</em></strong></span> 
     </span>
     <span class='ocr_line' id='line_1_18' title="bbox 209 2134 2456 2211; baseline 0 -16"><span class='ocrx_word' id='word_1_164' title='bbox 209 2135 453 2207; x_wconf 74' lang='lat' dir='ltr'><strong><em>fueritis</em></strong></span> <span class='ocrx_word' id='word_1_165' title='bbox 496 2154 535 2193; x_wconf 91' lang='lat' dir='ltr'><strong><em>a</em></strong></span> <span class='ocrx_word' id='word_1_166' title='bbox 581 2134 845 2209; x_wconf 87' lang='lat' dir='ltr'><strong><em>predicto</em></strong></span> <span class='ocrx_word' id='word_1_167' title='bbox 896 2139 1092 2193; x_wconf 89' lang='lat' dir='ltr'><strong><em>nostro</em></strong></span> <span class='ocrx_word' id='word_1_168' title='bbox 1150 2135 1542 2195; x_wconf 87' lang='lat' dir='ltr'><strong><em>consacerdote</em></strong></span> <span class='ocrx_word' id='word_1_169' title='bbox 1599 2136 1800 2211; x_wconf 88' lang='lat' dir='ltr'><strong><em>edocti,</em></strong></span> <span class='ocrx_word' id='word_1_170' title='bbox 1859 2136 1950 2195; x_wconf 90' lang='lat' dir='ltr'><strong><em>ita</em></strong></span> <span class='ocrx_word' id='word_1_171' title='bbox 2007 2136 2344 2195; x_wconf 83' lang='lat' dir='ltr'><strong><em>catholicam</em></strong></span> <span class='ocrx_word' id='word_1_172' title='bbox 2401 2140 2456 2194; x_wconf 90' lang='lat' dir='ltr'><strong><em>et</em></strong></span> 
     </span>
     <span class='ocr_line' id='line_1_19' title="bbox 208 2224 2448 2298; baseline 0 -15"><span class='ocrx_word' id='word_1_173' title='bbox 208 2224 588 2298; x_wconf 84' lang='lat' dir='ltr'><strong><em>apostolicam</em></strong></span> <span class='ocrx_word' id='word_1_174' title='bbox 654 2224 979 2283; x_wconf 81' lang='lat' dir='ltr'><strong><em>doctrinam</em></strong></span> <span class='ocrx_word' id='word_1_175' title='bbox 1044 2228 1287 2283; x_wconf 88' lang='lat' dir='ltr'><strong><em>tenentes</em></strong></span> <span class='ocrx_word' id='word_1_176' title='bbox 1300 2270 1319 2294; x_wconf 91' lang='lat'><em>‚</em></span> <span class='ocrx_word' id='word_1_177' title='bbox 1388 2224 1618 2284; x_wconf 88' lang='lat' dir='ltr'><strong><em>domino</em></strong></span> <span class='ocrx_word' id='word_1_178' title='bbox 1677 2224 1804 2283; x_wconf 91' lang='lat' dir='ltr'><strong><em>Deo</em></strong></span> <span class='ocrx_word' id='word_1_179' title='bbox 1860 2225 2146 2284; x_wconf 84' lang='lat' dir='ltr'><strong><em>salvatori</em></strong></span> <span class='ocrx_word' id='word_1_180' title='bbox 2206 2224 2448 2283; x_wconf 58' lang='lat' dir='ltr'><strong><em>nostro&amp;</em></strong></span> 
     </span>
     <span class='ocr_line' id='line_1_20' title="bbox 196 2302 2452 2391; baseline -0 -19"><span class='ocrx_word' id='word_1_181' title='bbox 196 2314 376 2388; x_wconf 87' lang='lat' dir='ltr'><strong><em>place</em></strong></span> <span class='ocrx_word' id='word_1_182' title='bbox 390 2313 565 2372; x_wconf 90' lang='lat' dir='ltr'><strong><em>atis.</em></strong></span> <span class='ocrx_word' id='word_1_183' title='bbox 658 2312 742 2371; x_wconf 84' lang='lat' dir='ltr'><strong><em>Et</em></strong></span> <span class='ocrx_word' id='word_1_184' title='bbox 784 2313 851 2371; x_wconf 84' lang='lat' dir='ltr'><strong><em>in</em></strong></span> <span class='ocrx_word' id='word_1_185' title='bbox 902 2331 1009 2387; x_wconf 79' lang='lat' dir='ltr'><strong><em>quo</em></strong></span> <span class='ocrx_word' id='word_1_186' title='bbox 1065 2314 1225 2372; x_wconf 84' lang='lat' dir='ltr'><strong><em>vobis</em></strong></span> <span class='ocrx_word' id='word_1_187' title='bbox 1284 2314 1402 2372; x_wconf 91' lang='lat' dir='ltr'><strong><em>loco</em></strong></span> <span class='ocrx_word' id='word_1_188' title='bbox 1461 2314 1539 2372; x_wconf 90' lang='lat' dir='ltr'><strong><em>ad</em></strong></span> <span class='ocrx_word' id='word_1_189' title='bbox 1598 2314 1933 2391; x_wconf 67' lang='lat' dir='ltr'><strong><em>celebranda</em></strong></span> <span class='ocrx_word' id='word_1_190' title='bbox 1991 2302 2278 2373; x_wconf 86' lang='lat' dir='ltr'><strong><em>conciliah</em></strong></span> <span class='ocrx_word' id='word_1_191' title='bbox 2329 2331 2452 2372; x_wconf 87' lang='lat' dir='ltr'><strong><em>con—</em></strong></span> 
     </span>
     <span class='ocr_line' id='line_1_21' title="bbox 111 2400 2454 2477; baseline 0.003 -20"><span class='ocrx_word' id='word_1_192' title='bbox 111 2417 171 2457; x_wconf 80' lang='lat'><strong><em>20</em></strong></span> <span class='ocrx_word' id='word_1_193' title='bbox 208 2403 410 2461; x_wconf 82' lang='lat' dir='ltr'><strong><em>venire</em></strong></span> <span class='ocrx_word' id='word_1_194' title='bbox 450 2402 833 2472; x_wconf 84' lang='lat' dir='ltr'><strong><em>mandaverit,</em></strong></span> <span class='ocrx_word' id='word_1_195' title='bbox 878 2402 998 2460; x_wconf 87' lang='lat' dir='ltr'><strong><em>sive</em></strong></span> <span class='ocrx_word' id='word_1_196' title='bbox 1040 2402 1212 2461; x_wconf 79' lang='lat' dir='ltr'><strong><em>iuoeta</em></strong></span> <span class='ocrx_word' id='word_1_197' title='bbox 1255 2400 1592 2461; x_wconf 82' lang='lat' dir='ltr'><strong><em>Danubium</em></strong></span> <span class='ocrx_word' id='word_1_198' title='bbox 1636 2402 1758 2461; x_wconf 87' lang='lat' dir='ltr'><strong><em>sive</em></strong></span> <span class='ocrx_word' id='word_1_199' title='bbox 1799 2404 1865 2462; x_wconf 91' lang='lat' dir='ltr'><strong><em>in</em></strong></span> <span class='ocrx_word' id='word_1_200' title='bbox 1917 2402 2150 2462; x_wconf 87' lang='lat' dir='ltr'><strong><em>civitate</em></strong></span> <span class='ocrx_word' id='word_1_201' title='bbox 2191 2402 2454 2477; x_wconf 74' lang='lat' dir='ltr'><strong><em>Auyusta</em></strong></span> 
     </span>
     <span class='ocr_line' id='line_1_22' title="bbox 209 2489 2452 2566; baseline 0 -17"><span class='ocrx_word' id='word_1_202' title='bbox 209 2492 303 2550; x_wconf 86' lang='lat' dir='ltr'><strong><em>vel</em></strong></span> <span class='ocrx_word' id='word_1_203' title='bbox 360 2491 690 2566; x_wconf 78' lang='lat' dir='ltr'><strong><em>ubicumque</em></strong></span> <span class='ocrx_word' id='word_1_204' title='bbox 745 2490 1110 2561; x_wconf 85' lang='lat' dir='ltr'><strong><em>indicaverit,</em></strong></span> <span class='ocrx_word' id='word_1_205' title='bbox 1169 2509 1287 2565; x_wconf 89' lang='lat' dir='ltr'><strong><em>pro</em></strong></span> <span class='ocrx_word' id='word_1_206' title='bbox 1354 2492 1581 2550; x_wconf 91' lang='lat' dir='ltr'><strong><em>nomine</em></strong></span> <span class='ocrx_word' id='word_1_207' title='bbox 1642 2489 1863 2550; x_wconf 78' lang='lat' dir='ltr'><strong><em>Christi</em></strong></span> <span class='ocrx_word' id='word_1_208' title='bbox 1919 2492 2129 2566; x_wconf 85' lang='lat' dir='ltr'><strong><em>parati</em></strong></span> <span class='ocrx_word' id='word_1_209' title='bbox 2185 2508 2301 2549; x_wconf 89' lang='lat' dir='ltr'><strong><em>esse</em></strong></span> <span class='ocrx_word' id='word_1_210' title='bbox 2365 2491 2452 2550; x_wconf 84' lang='lat' dir='ltr'><strong><em>in·</em></strong></span> 
     </span>
     <span class='ocr_line' id='line_1_23' title="bbox 208 2580 2452 2655; baseline 0.001 -18"><span class='ocrx_word' id='word_1_211' title='bbox 208 2580 549 2650; x_wconf 82' lang='lat' dir='ltr'><strong><em>veniamini,</em></strong></span> <span class='ocrx_word' id='word_1_212' title='bbox 608 2584 883 2655; x_wconf 79' lang='lat' dir='ltr'><strong><em>quatenus</em></strong></span> <span class='ocrx_word' id='word_1_213' title='bbox 940 2596 1335 2655; x_wconf 75' lang='lat' dir='ltr'><strong><em>coynoscamus</em></strong></span> <span class='ocrx_word' id='word_1_214' title='bbox 1389 2597 1505 2654; x_wconf 88' lang='lat' dir='ltr'><strong><em>per</em></strong></span> <span class='ocrx_word' id='word_1_215' title='bbox 1562 2580 1684 2639; x_wconf 87' lang='lat' dir='ltr'><strong><em>eius</em></strong></span> <span class='ocrx_word' id='word_1_216' title='bbox 1741 2580 2078 2639; x_wconf 85' lang='lat' dir='ltr'><strong><em>mandatum</em></strong></span> <span class='ocrx_word' id='word_1_217' title='bbox 2135 2580 2204 2639; x_wconf 90' lang='lat' dir='ltr'><strong><em>de</em></strong></span> <span class='ocrx_word' id='word_1_218' title='bbox 2265 2584 2452 2639; x_wconf 84' lang='lat' dir='ltr'><strong><em>vestro</em></strong></span> 
     </span>
     <span class='ocr_line' id='line_1_24' title="bbox 211 2666 2452 2742; baseline -0 -14"><span class='ocrx_word' id='word_1_219' title='bbox 211 2673 507 2739; x_wconf 84' lang='lat' dir='ltr'><strong><em>conventu,</em></strong></span> <span class='ocrx_word' id='word_1_220' title='bbox 551 2673 616 2727; x_wconf 85' lang='lat' dir='ltr'><strong><em>ut</em></strong></span> <span class='ocrx_word' id='word_1_221' title='bbox 658 2668 723 2727; x_wconf 92' lang='lat' dir='ltr'><strong><em>in</em></strong></span> <span class='ocrx_word' id='word_1_222' title='bbox 766 2668 860 2727; x_wconf 85' lang='lat' dir='ltr'><strong><em>die</em></strong></span> <span class='ocrx_word' id='word_1_223' title='bbox 904 2668 1179 2727; x_wconf 89' lang='lat' dir='ltr'><strong><em>adventus</em></strong></span> <span class='ocrx_word' id='word_1_224' title='bbox 1228 2666 1447 2727; x_wconf 79' lang='lat' dir='ltr'><strong><em>Christi</em></strong></span> <span class='ocrx_word' id='word_1_225' title='bbox 1490 2668 1626 2728; x_wconf 88' lang='lat' dir='ltr'><strong><em>Iesu</em></strong></span> <span class='ocrx_word' id='word_1_226' title='bbox 1669 2687 1797 2727; x_wconf 86' lang='lat' dir='ltr'><strong><em>cum</em></strong></span> <span class='ocrx_word' id='word_1_227' title='bbox 1841 2671 2042 2740; x_wconf 78' lang='lat' dir='ltr'><strong><em>fructu</em></strong></span> <span class='ocrx_word' id='word_1_228' title='bbox 2085 2668 2216 2727; x_wconf 88' lang='lat' dir='ltr'><strong><em>boni</em></strong></span> <span class='ocrx_word' id='word_1_229' title='bbox 2261 2669 2452 2742; x_wconf 86' lang='lat' dir='ltr'><strong><em>operis</em></strong></span> 
     </span>
     <span class='ocr_line' id='line_1_25' title="bbox 212 2757 2452 2827; baseline -0 -10"><span class='ocrx_word' id='word_1_230' title='bbox 212 2764 349 2817; x_wconf 89' lang='lat' dir='ltr'><strong><em>ante</em></strong></span> <span class='ocrx_word' id='word_1_231' title='bbox 406 2758 527 2817; x_wconf 88' lang='lat' dir='ltr'><strong><em>eius</em></strong></span> <span class='ocrx_word' id='word_1_232' title='bbox 585 2757 842 2817; x_wconf 89' lang='lat' dir='ltr'><strong><em>tribunal</em></strong></span> <span class='ocrx_word' id='word_1_233' title='bbox 898 2758 1174 2817; x_wconf 87' lang='lat' dir='ltr'><strong><em>adsistere</em></strong></span> <span class='ocrx_word' id='word_1_234' title='bbox 1229 2758 1583 2827; x_wconf 84' lang='lat' dir='ltr'><strong><em>mereamini,</em></strong></span> <span class='ocrx_word' id='word_1_235' title='bbox 1644 2758 1920 2817; x_wconf 83' lang='lat' dir='ltr'><strong><em>dicentes.-</em></strong></span> <span class='ocrx_word' id='word_1_236' title='bbox 1987 2758 2147 2817; x_wconf 86' lang='lat' dir='ltr'><strong><em>Ecce</em></strong></span> <span class='ocrx_word' id='word_1_237' title='bbox 2206 2775 2325 2817; x_wconf 87' lang='lat' dir='ltr'><strong><em>nos</em></strong></span> <span class='ocrx_word' id='word_1_238' title='bbox 2385 2760 2452 2816; x_wconf 87' lang='lat' dir='ltr'><strong><em>et</em></strong></span> 
     </span>
     <span class='ocr_line' id='line_1_26' title="bbox 116 2846 2449 2923; baseline 0.001 -22"><span class='ocrx_word' id='word_1_239' title='bbox 116 2860 171 2901; x_wconf 80' lang='lat'><strong><em>25</em></strong></span> <span class='ocrx_word' id='word_1_240' title='bbox 210 2848 411 2923; x_wconf 87' lang='lat' dir='ltr'><strong><em>pueri,</em></strong></span> <span class='ocrx_word' id='word_1_241' title='bbox 460 2864 617 2923; x_wconf 89' lang='lat' dir='ltr'><strong><em>quos</em></strong></span> <span class='ocrx_word' id='word_1_242' title='bbox 672 2848 905 2905; x_wconf 88' lang='lat' dir='ltr'><strong><em>dedisti</em></strong></span> <span class='ocrx_word' id='word_1_243' title='bbox 962 2848 1165 2918; x_wconf 89' lang='lat' dir='ltr'><strong><em>nobis,</em></strong></span> <span class='ocrx_word' id='word_1_244' title='bbox 1213 2846 1511 2905; x_wconf 84' lang='lat' dir='ltr'><strong><em>Domine!</em></strong></span> <span class='ocrx_word' id='word_1_245' title='bbox 1575 2865 1706 2906; x_wconf 89' lang='lat' dir='ltr'><strong><em>non</em></strong></span> <span class='ocrx_word' id='word_1_246' title='bbox 1764 2848 2158 2923; x_wconf 83' lang='lat' dir='ltr'><strong><em>perdidimus</em></strong></span> <span class='ocrx_word' id='word_1_247' title='bbox 2219 2864 2296 2905; x_wconf 84' lang='lat' dir='ltr'><strong><em>ex</em></strong></span> <span class='ocrx_word' id='word_1_248' title='bbox 2357 2848 2449 2905; x_wconf 93' lang='lat' dir='ltr'><strong><em>eis</em></strong></span> 
     </span>
     <span class='ocr_line' id='line_1_27' title="bbox 210 2935 2449 3013; baseline -0.001 -18"><span class='ocrx_word' id='word_1_249' title='bbox 210 2954 599 3013; x_wconf 82' lang='lat' dir='ltr'><strong><em>quemquam</em></strong></span> <span class='ocrx_word' id='word_1_250' title='bbox 616 2981 631 3007; x_wconf 90' lang='lat'><strong><em>,</em></strong></span> <span class='ocrx_word' id='word_1_251' title='bbox 706 2940 773 2995; x_wconf 89' lang='lat' dir='ltr'><strong><em>ut</em></strong></span> <span class='ocrx_word' id='word_1_252' title='bbox 844 2940 898 2994; x_wconf 93' lang='lat' dir='ltr'><strong><em>et</em></strong></span> <span class='ocrx_word' id='word_1_253' title='bbox 973 2953 1069 2994; x_wconf 88' lang='lat' dir='ltr'><strong><em>vos</em></strong></span> <span class='ocrx_word' id='word_1_254' title='bbox 1142 2935 1487 2995; x_wconf 87' lang='lat' dir='ltr'><strong><em>dominicam</em></strong></span> <span class='ocrx_word' id='word_1_255' title='bbox 1560 2954 1748 2995; x_wconf 87' lang='lat' dir='ltr'><strong><em>vocem</em></strong></span> <span class='ocrx_word' id='word_1_256' title='bbox 1815 2936 2021 2995; x_wconf 84' lang='lat' dir='ltr'><strong><em>audire</em></strong></span> <span class='ocrx_word' id='word_1_257' title='bbox 2092 2935 2449 3006; x_wconf 89' lang='lat' dir='ltr'><strong><em>mereamini,</em></strong></span> 
     </span>
     <span class='ocr_line' id='line_1_28' title="bbox 210 3024 2451 3102; baseline -0 -18"><span class='ocrx_word' id='word_1_258' title='bbox 210 3025 519 3084; x_wconf 88' lang='lat' dir='ltr'><strong><em>dicentem:</em></strong></span> <span class='ocrx_word' id='word_1_259' title='bbox 550 3026 797 3093; x_wconf 87' lang='lat' dir='ltr'><strong><em>Venite,</em></strong></span> <span class='ocrx_word' id='word_1_260' title='bbox 840 3024 1155 3083; x_wconf 76' lang='lat' dir='ltr'><strong><em>benedicti</em></strong></span> <span class='ocrx_word' id='word_1_261' title='bbox 1191 3026 1389 3101; x_wconf 86' lang='lat' dir='ltr'><strong><em>patris</em></strong></span> <span class='ocrx_word' id='word_1_262' title='bbox 1431 3026 1577 3094; x_wconf 89' lang='lat' dir='ltr'><strong><em>mei,</em></strong></span> <span class='ocrx_word' id='word_1_263' title='bbox 1626 3027 1931 3101; x_wconf 86' lang='lat' dir='ltr'><strong><em>percipite</em></strong></span> <span class='ocrx_word' id='word_1_264' title='bbox 1961 3043 2246 3102; x_wconf 83' lang='lat' dir='ltr'><strong><em>regnum,</em></strong></span> <span class='ocrx_word' id='word_1_265' title='bbox 2280 3026 2451 3101; x_wconf 84' lang='lat' dir='ltr'><strong><em>quod</em></strong></span> 
     </span>
     <span class='ocr_line' id='line_1_29' title="bbox 210 3115 1573 3191; baseline 0.001 -20"><span class='ocrx_word' id='word_1_266' title='bbox 210 3116 395 3173; x_wconf 85' lang='lat' dir='ltr'><strong><em>vobis</em></strong></span> <span class='ocrx_word' id='word_1_267' title='bbox 441 3118 735 3189; x_wconf 88' lang='lat' dir='ltr'><strong><em>paratum</em></strong></span> <span class='ocrx_word' id='word_1_268' title='bbox 780 3118 880 3173; x_wconf 87' lang='lat' dir='ltr'><strong><em>est</em></strong></span> <span class='ocrx_word' id='word_1_269' title='bbox 924 3115 1004 3171; x_wconf 87' lang='lat' dir='ltr'><strong><em>ab</em></strong></span> <span class='ocrx_word' id='word_1_270' title='bbox 1052 3115 1287 3191; x_wconf 83' lang='lat' dir='ltr'><strong><em>origine</em></strong></span> <span class='ocrx_word' id='word_1_271' title='bbox 1332 3115 1573 3173; x_wconf 90' lang='lat' dir='ltr'><strong><em>mundi.</em></strong></span> 
     </span>
     <span class='ocr_line' id='line_1_30' title="bbox 431 3194 2448 3282; baseline 0 -21"><span class='ocrx_word' id='word_1_272' title='bbox 431 3194 580 3279; x_wconf 84' lang='lat'><strong>(33).</strong></span> <span class='ocrx_word' id='word_1_273' title='bbox 682 3198 1007 3282; x_wconf 74' lang='lat' dir='ltr'><strong><em>Acceptis</em></strong></span> <span class='ocrx_word' id='word_1_274' title='bbox 1065 3198 1282 3281; x_wconf 87' lang='lat' dir='ltr'><strong><em>igitur</em></strong></span> <span class='ocrx_word' id='word_1_275' title='bbox 1347 3196 1608 3261; x_wconf 89' lang='lat' dir='ltr'><strong><em>talibus</em></strong></span> <span class='ocrx_word' id='word_1_276' title='bbox 1677 3197 1986 3282; x_wconf 84' lang='lat' dir='ltr'><strong><em>epistolis</em></strong></span> <span class='ocrx_word' id='word_1_277' title='bbox 2057 3222 2086 3261; x_wconf 88' lang='lat' dir='ltr'><strong><em>s</em></strong></span> <span class='ocrx_word' id='word_1_278' title='bbox 2111 3221 2150 3260; x_wconf 84' lang='lat' dir='ltr'><strong><em>a</em></strong></span> <span class='ocrx_word' id='word_1_279' title='bbox 2174 3222 2217 3259; x_wconf 92' lang='lat' dir='ltr'><strong><em>n</em></strong></span> <span class='ocrx_word' id='word_1_280' title='bbox 2241 3207 2394 3261; x_wconf 82' lang='lat' dir='ltr'><strong><em>ctu</em></strong></span> <span class='ocrx_word' id='word_1_281' title='bbox 2419 3221 2448 3260; x_wconf 89' lang='lat' dir='ltr'><strong><em>s</em></strong></span> 
     </span>
     <span class='ocr_line' id='line_1_31' title="bbox 119 3292 2448 3368; baseline 0.002 -23"><span class='ocrx_word' id='word_1_282' title='bbox 119 3305 176 3345; x_wconf 73' lang='lat' dir='ltr'><strong><em>so</em></strong></span> <span class='ocrx_word' id='word_1_283' title='bbox 211 3293 769 3351; x_wconf 74' lang='lat' dir='ltr'><strong><em>Bonifatius</em></strong></span> <span class='ocrx_word' id='word_1_284' title='bbox 838 3311 877 3349; x_wconf 86' lang='lat' dir='ltr'><strong><em>a</em></strong></span> <span class='ocrx_word' id='word_1_285' title='bbox 944 3292 1211 3350; x_wconf 87' lang='lat' dir='ltr'><strong><em>Roma</em></strong></span> <span class='ocrx_word' id='word_1_286' title='bbox 1287 3293 1796 3361; x_wconf 71' lang='lat' dir='ltr'><strong><em>discessit,</em></strong></span> <span class='ocrx_word' id='word_1_287' title='bbox 1874 3293 2249 3368; x_wconf 73' lang='lat' dir='ltr'><strong><em>Italiamque</em></strong></span> <span class='ocrx_word' id='word_1_288' title='bbox 2316 3309 2448 3367; x_wconf 88' lang='lat' dir='ltr'><strong><em>per-</em></strong></span> 
     </span>
     <span class='ocr_line' id='line_1_32' title="bbox 212 3381 2450 3457; baseline 0 -18"><span class='ocrx_word' id='word_1_289' title='bbox 212 3383 499 3450; x_wconf 84' lang='lat' dir='ltr'><strong><em>veniens,</em></strong></span> <span class='ocrx_word' id='word_1_290' title='bbox 544 3382 799 3439; x_wconf 87' lang='lat' dir='ltr'><strong><em>Ticinae</em></strong></span> <span class='ocrx_word' id='word_1_291' title='bbox 857 3382 1034 3439; x_wconf 88' lang='lat' dir='ltr'><strong><em>urbis</em></strong></span> <span class='ocrx_word' id='word_1_292' title='bbox 1097 3382 1419 3457; x_wconf 86' lang='lat' dir='ltr'><strong><em>ingressus</em></strong></span> <span class='ocrx_word' id='word_1_293' title='bbox 1478 3384 1579 3440; x_wconf 87' lang='lat' dir='ltr'><strong><em>est</em></strong></span> <span class='ocrx_word' id='word_1_294' title='bbox 1645 3383 1858 3439; x_wconf 87' lang='lat' dir='ltr'><strong><em>menia</em></strong></span> <span class='ocrx_word' id='word_1_295' title='bbox 1925 3387 1992 3440; x_wconf 86' lang='lat' dir='ltr'><strong><em>et</em></strong></span> <span class='ocrx_word' id='word_1_296' title='bbox 2057 3382 2229 3457; x_wconf 86' lang='lat' dir='ltr'><strong><em>apud</em></strong></span> <span class='ocrx_word' id='word_1_297' title='bbox 2281 3381 2450 3439; x_wconf 85' lang='lat' dir='ltr'><strong><em>Liut·</em></strong></span> 
     </span>
     <span class='ocr_line' id='line_1_33' title="bbox 212 3458 2449 3546; baseline -0 -18"><span class='ocrx_word' id='word_1_298' title='bbox 212 3458 567 3529; x_wconf 78' lang='lat' dir='ltr'><strong><em>brandum¹</em></strong></span> <span class='ocrx_word' id='word_1_299' title='bbox 650 3470 1204 3545; x_wconf 86' lang='lat' dir='ltr'><strong><em>Longobardorum</em></strong></span> <span class='ocrx_word' id='word_1_300' title='bbox 1280 3487 1492 3545; x_wconf 88' lang='lat' dir='ltr'><strong><em>regem</em></strong></span> <span class='ocrx_word' id='word_1_301' title='bbox 1568 3488 1608 3527; x_wconf 88' lang='lat' dir='ltr'><strong><em>a</em></strong></span> <span class='ocrx_word' id='word_1_302' title='bbox 1631 3470 1653 3527; x_wconf 98' lang='lat'>1</span> <span class='ocrx_word' id='word_1_303' title='bbox 1675 3472 1698 3527; x_wconf 92' lang='lat' dir='ltr'><strong><em>i</em></strong></span> <span class='ocrx_word' id='word_1_304' title='bbox 1721 3488 1761 3546; x_wconf 95' lang='lat' dir='ltr'><strong><em>q</em></strong></span> <span class='ocrx_word' id='word_1_305' title='bbox 1785 3489 1829 3528; x_wconf 98' lang='lat' dir='ltr'><strong><em>u</em></strong></span> <span class='ocrx_word' id='word_1_306' title='bbox 1853 3488 1892 3527; x_wconf 88' lang='lat' dir='ltr'><strong><em>a</em></strong></span> <span class='ocrx_word' id='word_1_307' title='bbox 1913 3488 1958 3527; x_wconf 89' lang='lat' dir='ltr'><strong><em>n</em></strong></span> <span class='ocrx_word' id='word_1_308' title='bbox 1983 3471 2026 3527; x_wconf 88' lang='lat' dir='ltr'><strong><em>d</em></strong></span> <span class='ocrx_word' id='word_1_309' title='bbox 2049 3470 2070 3526; x_wconf 89' lang='lat' dir='ltr'><strong><em>i</em></strong></span> <span class='ocrx_word' id='word_1_310' title='bbox 2094 3488 2138 3527; x_wconf 93' lang='lat' dir='ltr'><strong><em>u</em></strong></span> <span class='ocrx_word' id='word_1_311' title='bbox 2219 3487 2254 3527; x_wconf 88' lang='lat' dir='ltr'><strong><em>c</em></strong></span> <span class='ocrx_word' id='word_1_312' title='bbox 2278 3486 2314 3527; x_wconf 93' lang='lat' dir='ltr'><strong><em>o</em></strong></span> <span class='ocrx_word' id='word_1_313' title='bbox 2337 3488 2403 3527; x_wconf 90' lang='lat' dir='ltr'><strong><em>m</em></strong></span> <span class='ocrx_word' id='word_1_314' title='bbox 2430 3499 2449 3511; x_wconf 91' lang='lat'><strong>·</strong></span> 
     </span>
     <span class='ocr_line' id='line_1_34' title="bbox 214 3559 2448 3635; baseline -0.001 -18"><span class='ocrx_word' id='word_1_315' title='bbox 214 3560 775 3619; x_wconf 77' lang='lat' dir='ltr'><strong><em>morabatur.</em></strong></span> <span class='ocrx_word' id='word_1_316' title='bbox 898 3559 1121 3617; x_wconf 88' lang='lat' dir='ltr'><strong><em>Inde</em></strong></span> <span class='ocrx_word' id='word_1_317' title='bbox 1188 3576 1399 3617; x_wconf 82' lang='lat' dir='ltr'><strong><em>vero</em></strong></span> <span class='ocrx_word' id='word_1_318' title='bbox 1469 3560 2070 3635; x_wconf 89' lang='lat' dir='ltr'><strong><em>digrediens,</em></strong></span> <span class='ocrx_word' id='word_1_319' title='bbox 2141 3562 2448 3617; x_wconf 87' lang='lat' dir='ltr'><strong><em>terras</em></strong></span> 
     </span>
     <span class='ocr_line' id='line_1_35' title="bbox 213 3620 2450 3725; baseline -0 -19"><span class='ocrx_word' id='word_1_320' title='bbox 213 3636 707 3725; x_wconf 71' lang='lat' dir='ltr'><strong><em>Bagoariorumk</em></strong></span> <span class='ocrx_word' id='word_1_321' title='bbox 750 3649 829 3705; x_wconf 88' lang='lat' dir='ltr'><strong><em>ab</em></strong></span> <span class='ocrx_word' id='word_1_322' title='bbox 868 3620 1155 3707; x_wconf 59' lang='lat' dir='ltr'><strong><em>(Stilonel</em></strong></span> <span class='ocrx_word' id='word_1_323' title='bbox 1201 3649 1360 3707; x_wconf 91' lang='lat' dir='ltr'><strong><em>duce</em></strong></span> <span class='ocrx_word' id='word_1_324' title='bbox 1404 3649 1714 3706; x_wconf 83' lang='lat' dir='ltr'><strong><em>invitatus</em></strong></span> <span class='ocrx_word' id='word_1_325' title='bbox 1761 3649 2047 3706; x_wconf 82' lang='lat' dir='ltr'><strong><em>visitavit</em></strong></span> <span class='ocrx_word' id='word_1_326' title='bbox 2089 3648 2450 3723; x_wconf 75' lang='lat' dir='ltr'><strong><em>mansitque</em></strong></span> 
     </span>
     <span class='ocr_line' id='line_1_36' title="bbox 122 3738 2451 3813; baseline -0.001 -18"><span class='ocrx_word' id='word_1_327' title='bbox 122 3750 179 3789; x_wconf 82' lang='lat'><strong><em>35</em></strong></span> <span class='ocrx_word' id='word_1_328' title='bbox 214 3738 389 3813; x_wconf 86' lang='lat' dir='ltr'><strong><em>apud</em></strong></span> <span class='ocrx_word' id='word_1_329' title='bbox 455 3754 563 3795; x_wconf 88' lang='lat' dir='ltr'><strong><em>eos</em></strong></span> <span class='ocrx_word' id='word_1_330' title='bbox 634 3738 855 3795; x_wconf 86' lang='lat' dir='ltr'><strong><em>diebus</em></strong></span> <span class='ocrx_word' id='word_1_331' title='bbox 923 3738 1167 3806; x_wconf 86' lang='lat' dir='ltr'><strong><em>multis,</em></strong></span> <span class='ocrx_word' id='word_1_332' title='bbox 1236 3738 1502 3795; x_wconf 87' lang='lat' dir='ltr'><strong><em>verbum</em></strong></span> <span class='ocrx_word' id='word_1_333' title='bbox 1555 3738 1674 3795; x_wconf 88' lang='lat' dir='ltr'><strong><em>Dei</em></strong></span> <span class='ocrx_word' id='word_1_334' title='bbox 1740 3738 2072 3812; x_wconf 89' lang='lat' dir='ltr'><strong><em>predicans</em></strong></span> <span class='ocrx_word' id='word_1_335' title='bbox 2140 3752 2451 3811; x_wconf 85' lang='lat' dir='ltr'><strong><em>veraeque</em></strong></span> 
     </span>
     <span class='ocr_line' id='line_1_37' title="bbox 214 3825 2450 3902; baseline -0.001 -19"><span class='ocrx_word' id='word_1_336' title='bbox 214 3827 367 3885; x_wconf 87' lang='lat' dir='ltr'><strong><em>fidei</em></strong></span> <span class='ocrx_word' id='word_1_337' title='bbox 412 3830 807 3884; x_wconf 84' lang='lat' dir='ltr'><strong><em>sacramenta</em></strong></span> <span class='ocrx_word' id='word_1_338' title='bbox 857 3827 1075 3884; x_wconf 92' lang='lat' dir='ltr'><strong><em>illic</em></strong></span> <span class='ocrx_word' id='word_1_339' title='bbox 1121 3843 1493 3884; x_wconf 84' lang='lat' dir='ltr'><strong><em>renovans.</em></strong></span> <span class='ocrx_word' id='word_1_340' title='bbox 1589 3825 1850 3883; x_wconf 88' lang='lat' dir='ltr'><strong><em>Inter</em></strong></span> <span class='ocrx_word' id='word_1_341' title='bbox 1902 3843 2130 3902; x_wconf 88' lang='lat' dir='ltr'><strong><em>quae</em></strong></span> <span class='ocrx_word' id='word_1_342' title='bbox 2189 3826 2450 3884; x_wconf 89' lang='lat' dir='ltr'><strong><em>etiam</em></strong></span> 
     </span>
     <span class='ocr_line' id='line_1_38' title="bbox 217 3915 2450 3992; baseline -0.001 -19"><span class='ocrx_word' id='word_1_343' title='bbox 217 3916 641 3973; x_wconf 71' lang='lat' dir='ltr'><strong><em>destructores</em></strong></span> <span class='ocrx_word' id='word_1_344' title='bbox 719 3933 758 3992; x_wconf 96' lang='lat' dir='ltr'><strong><em>q</em></strong></span> <span class='ocrx_word' id='word_1_345' title='bbox 781 3934 825 3973; x_wconf 93' lang='lat' dir='ltr'><strong><em>u</em></strong></span> <span class='ocrx_word' id='word_1_346' title='bbox 850 3933 886 3974; x_wconf 94' lang='lat' dir='ltr'><strong><em>o</em></strong></span> <span class='ocrx_word' id='word_1_347' title='bbox 912 3934 941 3973; x_wconf 88' lang='lat' dir='ltr'><strong><em>s</em></strong></span> <span class='ocrx_word' id='word_1_348' title='bbox 967 3916 1008 3973; x_wconf 97' lang='lat' dir='ltr'><strong><em>d</em></strong></span> <span class='ocrx_word' id='word_1_349' title='bbox 1033 3933 1072 3973; x_wconf 84' lang='lat' dir='ltr'><strong><em>a</em></strong></span> <span class='ocrx_word' id='word_1_350' title='bbox 1094 3934 1161 3972; x_wconf 91' lang='lat' dir='ltr'><strong><em>m</em></strong></span> <span class='ocrx_word' id='word_1_351' title='bbox 1238 3916 1646 3991; x_wconf 70' lang='lat' dir='ltr'><strong><em>ecclesiarum</em></strong></span> <span class='ocrx_word' id='word_1_352' title='bbox 1714 3916 2053 3991; x_wconf 86' lang='lat' dir='ltr'><strong><em>populique</em></strong></span> <span class='ocrx_word' id='word_1_353' title='bbox 2122 3933 2154 3973; x_wconf 86' lang='lat' dir='ltr'><strong><em>s</em></strong></span> <span class='ocrx_word' id='word_1_354' title='bbox 2178 3930 2214 3972; x_wconf 88' lang='lat' dir='ltr'><strong><em>e</em></strong></span> <span class='ocrx_word' id='word_1_355' title='bbox 2237 3915 2281 3972; x_wconf 86' lang='lat' dir='ltr'><strong><em>d</em></strong></span> <span class='ocrx_word' id='word_1_356' title='bbox 2304 3932 2348 3971; x_wconf 93' lang='lat' dir='ltr'><strong><em>u</em></strong></span> <span class='ocrx_word' id='word_1_357' title='bbox 2371 3930 2406 3971; x_wconf 92' lang='lat' dir='ltr'><strong><em>c</em></strong></span> <span class='ocrx_word' id='word_1_358' title='bbox 2431 3943 2450 3954; x_wconf 90' lang='lat'><strong>·</strong></span> 
     </span>
     <span class='ocr_line' id='line_1_39' title="bbox 216 4003 2450 4080; baseline -0.002 -17"><span class='ocrx_word' id='word_1_359' title='bbox 216 4009 246 4063; x_wconf 86' lang='lat' dir='ltr'><strong><em>t</em></strong></span> <span class='ocrx_word' id='word_1_360' title='bbox 271 4021 409 4063; x_wconf 86' lang='lat' dir='ltr'><strong><em>ores</em></strong></span> <span class='ocrx_word' id='word_1_361' title='bbox 476 4004 773 4080; x_wconf 84' lang='lat' dir='ltr'><strong><em>abigebat</em></strong></span> <span class='ocrx_word' id='word_1_362' title='bbox 791 4047 805 4074; x_wconf 94' lang='lat'><strong><em>,</em></strong></span> <span class='ocrx_word' id='word_1_363' title='bbox 884 4021 1152 4080; x_wconf 90' lang='lat' dir='ltr'><strong><em>quorum</em></strong></span> <span class='ocrx_word' id='word_1_364' title='bbox 1227 4005 1335 4061; x_wconf 87' lang='lat' dir='ltr'><strong><em>alii</em></strong></span> <span class='ocrx_word' id='word_1_365' title='bbox 1410 4004 1574 4062; x_wconf 78' lang='lat' dir='ltr'><strong><em>falso</em></strong></span> <span class='ocrx_word' id='word_1_366' title='bbox 1645 4022 1712 4061; x_wconf 88' lang='lat' dir='ltr'><strong><em>se</em></strong></span> <span class='ocrx_word' id='word_1_367' title='bbox 1781 4005 2180 4079; x_wconf 85' lang='lat' dir='ltr'><strong><em>episcopatus</em></strong></span> <span class='ocrx_word' id='word_1_368' title='bbox 2247 4003 2450 4078; x_wconf 85' lang='lat' dir='ltr'><strong><em>gradu</em></strong></span> 
     </span>
     <span class='ocr_line' id='line_1_40' title="bbox 214 4092 2451 4169; baseline -0.001 -18"><span class='ocrx_word' id='word_1_369' title='bbox 214 4094 615 4169; x_wconf 88' lang='lat' dir='ltr'><strong><em>pretulerunt</em></strong></span> <span class='ocrx_word' id='word_1_370' title='bbox 633 4136 648 4162; x_wconf 89' lang='lat'><strong><em>,</em></strong></span> <span class='ocrx_word' id='word_1_371' title='bbox 740 4093 844 4151; x_wconf 87' lang='lat' dir='ltr'><strong><em>alii</em></strong></span> <span class='ocrx_word' id='word_1_372' title='bbox 933 4112 975 4151; x_wconf 89' lang='lat' dir='ltr'><strong>v</strong></span> <span class='ocrx_word' id='word_1_373' title='bbox 1000 4111 1033 4151; x_wconf 97' lang='lat' dir='ltr'><strong><em>e</em></strong></span> <span class='ocrx_word' id='word_1_374' title='bbox 1057 4112 1088 4150; x_wconf 89' lang='lat' dir='ltr'><strong><em>r</em></strong></span> <span class='ocrx_word' id='word_1_375' title='bbox 1109 4110 1148 4152; x_wconf 98' lang='lat' dir='ltr'><strong><em>o</em></strong></span> <span class='ocrx_word' id='word_1_376' title='bbox 1236 4094 1689 4168; x_wconf 87' lang='lat' dir='ltr'><strong><em>presbiteratus</em></strong></span> <span class='ocrx_word' id='word_1_377' title='bbox 1766 4093 1972 4151; x_wconf 82' lang='lat' dir='ltr'><strong><em>officio</em></strong></span> <span class='ocrx_word' id='word_1_378' title='bbox 2047 4110 2115 4150; x_wconf 86' lang='lat' dir='ltr'><strong><em>se</em></strong></span> <span class='ocrx_word' id='word_1_379' title='bbox 2192 4092 2451 4167; x_wconf 88' lang='lat' dir='ltr'><strong><em>deputa·</em></strong></span> 
     </span>
    </p>
   </div>
   <div class='ocr_carea' id='block_1_4' title="bbox 125 4263 1230 4328">
    <p class='ocr_par' dir='ltr' id='par_1_4' title="bbox 125 4263 1230 4328">
     <span class='ocr_line' id='line_1_41' title="bbox 125 4263 1230 4328; baseline -0.005 -6"><span class='ocrx_word' id='word_1_380' title='bbox 125 4283 181 4322; x_wconf 84' lang='lat'><strong><em>40</em></strong></span> <span class='ocrx_word' id='word_1_381' title='bbox 431 4279 535 4320; x_wconf 90' lang='lat' dir='ltr'>v11.</span> <span class='ocrx_word' id='word_1_382' title='bbox 594 4278 727 4328; x_wconf 70' lang='lat' dir='ltr'><strong><em>capp.</em></strong></span> <span class='ocrx_word' id='word_1_383' title='bbox 754 4278 822 4322; x_wconf 76' lang='lat'><strong><em>32.</em></strong></span> <span class='ocrx_word' id='word_1_384' title='bbox 850 4278 915 4323; x_wconf 79' lang='lat'><strong><em>33.</em></strong></span> <span class='ocrx_word' id='word_1_385' title='bbox 979 4280 1019 4318; x_wconf 89' lang='lat'><strong><em>1.</em></strong></span> <span class='ocrx_word' id='word_1_386' title='bbox 1051 4263 1230 4322; x_wconf 70' lang='lat' dir='ltr'><strong><em>2a.21.0.&#39;</em></strong></span> 
     </span>
    </p>
   </div>
   <div class='ocr_carea' id='block_1_5' title="bbox 214 4362 2452 4569">
    <p class='ocr_par' dir='ltr' id='par_1_5' title="bbox 214 4362 2452 4569">
     <span class='ocr_line' id='line_1_42' title="bbox 217 4362 2446 4419; baseline -0.001 -12"><span class='ocrx_word' id='word_1_387' title='bbox 217 4369 262 4417; x_wconf 80' lang='lat' dir='ltr'><strong><em>a)</em></strong></span> <span class='ocrx_word' id='word_1_388' title='bbox 289 4378 378 4415; x_wconf 86' lang='lat' dir='ltr'><strong><em>quo</em></strong></span> <span class='ocrx_word' id='word_1_389' title='bbox 408 4368 475 4417; x_wconf 72' lang='lat'><strong><em>211,</em></strong></span> <span class='ocrx_word' id='word_1_390' title='bbox 502 4378 616 4409; x_wconf 79' lang='lat' dir='ltr'><strong><em>corr.</em></strong></span> <span class='ocrx_word' id='word_1_391' title='bbox 726 4367 773 4419; x_wconf 83' lang='lat' dir='ltr'><strong><em>b)</em></strong></span> <span class='ocrx_word' id='word_1_392' title='bbox 800 4368 865 4405; x_wconf 72' lang='lat' dir='ltr'><strong><em>ita</em></strong></span> <span class='ocrx_word' id='word_1_393' title='bbox 890 4368 934 4410; x_wconf 76' lang='lat' dir='ltr'><strong><em>h.</em></strong></span> <span class='ocrx_word' id='word_1_394' title='bbox 954 4368 983 4410; x_wconf 87' lang='lat' dir='ltr'><strong><em>l.</em></strong></span> <span class='ocrx_word' id='word_1_395' title='bbox 1011 4368 1078 4409; x_wconf 71' lang='lat'><strong><em>22».</em></strong></span> <span class='ocrx_word' id='word_1_396' title='bbox 1097 4378 1147 4415; x_wconf 63' lang='grc' dir='ltr'><strong><em>ος</em></strong></span> <span class='ocrx_word' id='word_1_397' title='bbox 1172 4367 1376 4411; x_wconf 73' lang='lat' dir='ltr'><strong><em>Bonitac.</em></strong></span> <span class='ocrx_word' id='word_1_398' title='bbox 1403 4368 1441 4410; x_wconf 88' lang='lat'><strong><em>1.</em></strong></span> <span class='ocrx_word' id='word_1_399' title='bbox 1468 4368 1536 4406; x_wconf 74' lang='grc' dir='ltr'><strong><em>2η.</em></strong></span> <span class='ocrx_word' id='word_1_400' title='bbox 1648 4367 1690 4419; x_wconf 85' lang='lat' dir='ltr'><strong><em>c)</em></strong></span> <span class='ocrx_word' id='word_1_401' title='bbox 1719 4366 1930 4415; x_wconf 77' lang='lat' dir='ltr'><strong><em>suscipite</em></strong></span> <span class='ocrx_word' id='word_1_402' title='bbox 1957 4366 2024 4407; x_wconf 70' lang='lat' dir='ltr'><strong><em>sb.</em></strong></span> <span class='ocrx_word' id='word_1_403' title='bbox 2133 4362 2182 4415; x_wconf 84' lang='lat' dir='ltr'><strong><em>d)</em></strong></span> <span class='ocrx_word' id='word_1_404' title='bbox 2209 4374 2378 4403; x_wconf 76' lang='lat' dir='ltr'><strong><em>moram</em></strong></span> <span class='ocrx_word' id='word_1_405' title='bbox 2408 4365 2446 4405; x_wconf 88' lang='lat'><strong><em>1.</em></strong></span> 
     </span>
     <span class='ocr_line' id='line_1_43' title="bbox 218 4418 2452 4473; baseline -0.002 -12"><span class='ocrx_word' id='word_1_406' title='bbox 218 4424 262 4473; x_wconf 90' lang='lat' dir='ltr'><strong><em>e)</em></strong></span> <span class='ocrx_word' id='word_1_407' title='bbox 292 4422 529 4461; x_wconf 83' lang='lat' dir='ltr'><strong><em>Britonum</em></strong></span> <span class='ocrx_word' id='word_1_408' title='bbox 557 4423 597 4461; x_wconf 88' lang='lat'><strong><em>1.</em></strong></span> <span class='ocrx_word' id='word_1_409' title='bbox 708 4421 743 4470; x_wconf 78' lang='lat' dir='ltr'><strong><em>f)</em></strong></span> <span class='ocrx_word' id='word_1_410' title='bbox 770 4420 975 4460; x_wconf 68' lang='lat' dir='ltr'><strong><em>abiciens</em></strong></span> <span class='ocrx_word' id='word_1_411' title='bbox 1002 4422 1043 4470; x_wconf 87' lang='lat'><strong><em>1,</em></strong></span> <span class='ocrx_word' id='word_1_412' title='bbox 1075 4431 1190 4461; x_wconf 81' lang='lat' dir='ltr'><strong><em>corr.</em></strong></span> <span class='ocrx_word' id='word_1_413' title='bbox 1300 4420 1345 4473; x_wconf 76' lang='lat' dir='ltr'><strong><em>g)</em></strong></span> <span class='ocrx_word' id='word_1_414' title='bbox 1373 4431 1455 4463; x_wconf 91' lang='lat' dir='ltr'><strong><em>om.</em></strong></span> <span class='ocrx_word' id='word_1_415' title='bbox 1483 4421 1547 4463; x_wconf 82' lang='lat' dir='ltr'><strong><em>2b.</em></strong></span> <span class='ocrx_word' id='word_1_416' title='bbox 1664 4420 1712 4471; x_wconf 88' lang='lat' dir='ltr'><strong><em>h)</em></strong></span> <span class='ocrx_word' id='word_1_417' title='bbox 1741 4420 1928 4459; x_wconf 71' lang='lat' dir='ltr'><strong><em>consilto.</em></strong></span> <span class='ocrx_word' id='word_1_418' title='bbox 1955 4418 2030 4470; x_wconf 85' lang='lat'>(1).</span> <span class='ocrx_word' id='word_1_419' title='bbox 2060 4419 2100 4459; x_wconf 79' lang='lat'><strong><em>8.</em></strong></span> <span class='ocrx_word' id='word_1_420' title='bbox 2219 4418 2252 4469; x_wconf 83' lang='lat' dir='ltr'><strong><em>i)</em></strong></span> <span class='ocrx_word' id='word_1_421' title='bbox 2281 4418 2345 4457; x_wconf 77' lang='lat' dir='ltr'><strong><em>ita</em></strong></span> <span class='ocrx_word' id='word_1_422' title='bbox 2371 4418 2452 4465; x_wconf 82' lang='lat' dir='ltr'><strong><em>2a,·</em></strong></span> 
     </span>
     <span class='ocr_line' id='line_1_44' title="bbox 214 4471 2451 4569; baseline -0.002 -56"><span class='ocrx_word' id='word_1_423' title='bbox 214 4474 539 4569; x_wconf 51' lang='lat' dir='ltr'><strong><em>ffggpggpdum</em></strong></span> <span class='ocrx_word' id='word_1_424' title='bbox 576 4475 671 4517; x_wconf 83' lang='lat' dir='ltr'><strong><em>rell.</em></strong></span> <span class='ocrx_word' id='word_1_425' title='bbox 808 4474 856 4526; x_wconf 82' lang='lat' dir='ltr'><strong><em>k)</em></strong></span> <span class='ocrx_word' id='word_1_426' title='bbox 892 4474 956 4513; x_wconf 73' lang='lat' dir='ltr'><strong><em>tta</em></strong></span> <span class='ocrx_word' id='word_1_427' title='bbox 984 4476 1043 4518; x_wconf 78' lang='grc' dir='ltr'><strong><em>2ο.</em></strong></span> <span class='ocrx_word' id='word_1_428' title='bbox 1070 4474 1120 4525; x_wconf 79' lang='lat'><strong><em>33</em></strong></span> <span class='ocrx_word' id='word_1_429' title='bbox 1158 4472 1338 4517; x_wconf 59' lang='grc' dir='ltr'><strong>Βαίου.</strong></span> <span class='ocrx_word' id='word_1_430' title='bbox 1366 4474 1433 4514; x_wconf 84' lang='grc' dir='ltr'><strong><em>2α.</em></strong></span> <span class='ocrx_word' id='word_1_431' title='bbox 1456 4472 1508 4523; x_wconf 82' lang='lat' dir='ltr'><strong><em>b,·</em></strong></span> <span class='ocrx_word' id='word_1_432' title='bbox 1544 4471 1725 4517; x_wconf 74' lang='lat' dir='ltr'><strong><em>Bawar.</em></strong></span> <span class='ocrx_word' id='word_1_433' title='bbox 1756 4474 1796 4517; x_wconf 81' lang='lat'><strong><em>1.</em></strong></span> <span class='ocrx_word' id='word_1_434' title='bbox 1929 4473 1962 4522; x_wconf 86' lang='grc' dir='ltr'><strong><em>Ι)</em></strong></span> <span class='ocrx_word' id='word_1_435' title='bbox 1998 4471 2180 4513; x_wconf 81' lang='lat' dir='ltr'><strong><em>Otssone</em></strong></span> <span class='ocrx_word' id='word_1_436' title='bbox 2211 4482 2325 4515; x_wconf 79' lang='lat' dir='ltr'><strong><em>corr.</em></strong></span> <span class='ocrx_word' id='word_1_437' title='bbox 2354 4471 2451 4511; x_wconf 83' lang='lat' dir='ltr'><strong><em>Uti-</em></strong></span> 
     </span>
    </p>
   </div>
   <div class='ocr_carea' id='block_1_6' title="bbox 324 4616 2026 4672">
    <p class='ocr_par' dir='ltr' id='par_1_6' title="bbox 324 4616 2026 4672">
     <span class='ocr_line' id='line_1_45' title="bbox 324 4616 2026 4672; baseline -0.001 -14"><span class='ocrx_word' id='word_1_438' title='bbox 324 4616 457 4658; x_wconf 67' lang='lat' dir='ltr'><strong><em>vitae</em></strong></span> <span class='ocrx_word' id='word_1_439' title='bbox 484 4616 713 4657; x_wconf 67' lang='lat' dir='ltr'><strong><em>Bonifatii.</em></strong></span> <span class='ocrx_word' id='word_1_440' title='bbox 1955 4618 2026 4672; x_wconf 85' lang='lat'><strong><em>10</em></strong></span> 
     </span>
    </p>
   </div>
   <div class='ocr_carea' id='block_1_7' title="bbox 2479 3182 2714 3277">
    <p class='ocr_par' dir='ltr' id='par_1_7' title="bbox 2479 3182 2714 3277">
     <span class='ocr_line' id='line_1_46' title="bbox 2479 3182 2714 3276; baseline 0 -55"><span class='ocrx_word' id='word_1_441' title='bbox 2479 3182 2714 3276; x_wconf 54' lang='lat' dir='ltr'><strong><em>Willigald.</em></strong></span> 
     </span>
     <span class='ocr_line' id='line_1_47' title="bbox 2539 3248 2638 3277; baseline -0.01 -1"><span class='ocrx_word' id='word_1_442' title='bbox 2539 3248 2562 3275; x_wconf 78' lang='lat'><em>0</em></span> <span class='ocrx_word' id='word_1_443' title='bbox 2567 3268 2575 3277; x_wconf 90' lang='lat'><em>.</em></span> <span class='ocrx_word' id='word_1_444' title='bbox 2627 3264 2638 3275; x_wconf 83' lang='lat'><em>.</em></span> 
     </span>
    </p>
   </div>
  </div>
 </body>
</html>
