3167 5192
637 495 832 551 XLIV
1522 494 1982 552 PRAEFATIO.

637 678 812 759 tavit,
875 677 1164 743 lectiones
1210 679 1298 742 2d
1309 678 1332 716 ¹
1377 676 1696 743 Aemilius
1752 677 1983 759 Go’ller,
2046 679 2111 741 3·
2167 676 2305 743 Otto
2354 676 2571 757 Schiff
2604 678 2885 761 exscrip-

637 773 874 833 serunt.
974 765 1260 832 Godicem
1312 774 1343 832 1
1392 766 1767 833 Wilhelmus
1810 767 2030 831 Arndt
2074 768 2130 831 b.
2177 788 2260 830 m.
2309 766 2457 829 olim
2504 768 2879 848 contulerat,

635 856 896 921 eundem
964 856 1192 919 iterum
1259 854 1606 937 iterumque
1674 854 1806 937 ipse
1874 853 2089 936 evolvi,
2160 854 2270 935 qui
2336 854 2527 919 etia-m
2596 856 2883 938 reliquos

637 945 874 1011 codices
921 950 1032 1009 aut
1076 942 1312 1008 contuli
1357 949 1469 1008 aut
1513 942 1897 1024 examinavi,
1944 943 2214 1025 exceptis
2257 942 2362 1025 iis,
2409 964 2563 1024 quos
2608 966 2642 1009 e
2688 945 2883 1009 libris

635 1040 880 1099 tantum-
913 1031 1239 1114 impressis
1267 1031 1428 1097 mihi
1460 1039 1803 1116 compertos
1837 1054 1967 1097 esse
1997 1053 2197 1113 supra
2226 1032 2463 1097 monui.
2542 1033 2881 1101 Lectiones
2918 1053 2945 1090 ⁵

636 1121 859 1187 varias
905 1121 1181 1187 codicum
1237 1128 1290 1184 1.
1340 1126 1444 1186 2a.
1479 1123 1534 1186 b.
1575 1128 1635 1187 3.
1673 1126 1713 1185 4
1757 1120 2093 1186 universas
2138 1120 2459 1201 adnotavi,
2507 1121 2625 1187 etsi
2667 1144 2880 1187 meros

635 1212 852 1293 lapsus
897 1209 1131 1275 calami
1183 1209 1424 1275 nullius
1481 1209 1777 1275 momenti
1835 1210 2174 1292 suppressi,
2234 1230 2361 1274 uno
2406 1210 2878 1293 pretiosissimo

634 1299 796 1365 libro
848 1307 879 1364 1
930 1304 1193 1381 excepto,
1240 1298 1315 1363 in
1360 1319 1478 1380 quo
1525 1297 1693 1363 nihil
1735 1299 1962 1363 sustuli
2006 1298 2140 1363 nisi
2184 1320 2286 1363 res
2344 1299 2877 1383 orthoqraphicas

638 1388 899 1453 leviores
911 1410 937 1468 ,·
983 1388 1208 1453 deinde
1254 1388 1384 1452 2b1.
1419 1388 1504 1452 b2.
1537 1409 1570 1453 c
1615 1386 1710 1451 ita
1756 1386 2040 1468 adhibui,
2087 1394 2158 1451 ut
2200 1386 2594 1468 sinqulorum
2638 1390 2875 1453 menda

619 1476 986 1559 peculiaria
1061 1475 1132 1541 in
1207 1482 1591 1557 afflaratum
1666 1497 1795 1540 non
1869 1476 2299 1549 admitterem
2373 1476 2639 1559 denique
2706 1477 2874 1542 alios
2914 1497 2966 1533 10

633 1566 827 1630 libros
885 1586 1040 1629 raro
1101 1564 1309 1647 citavi,
1367 1564 1735 1647 ubicumque
1804 1564 2055 1647 aliquid
2120 1571 2339 1629 notatu
2407 1564 2669 1647 diqnum
2737 1588 2872 1631 esse

629 1654 978 1719 videbatur.

844 1762 1040 1825 Anno
1079 1766 1268 1825 1555.
1328 1759 1575 1841 Caspai·
1622 1761 1697 1825 de
1744 1760 2095 1843 Nydbruck
2141 1759 2555 1825 consiliarius
2597 1760 2869 1841 impera-

629 1850 789 1914 toris
833 1852 909 1915 de
960 1848 1110 1913 Vita
1154 1847 1488 1927 Bonifatii
1531 1870 1667 1914 una
1712 1870 1851 1914 cum
1898 1848 2187 1933 epistulis
2230 1850 2473 1913 edenda
2534 1850 2865 1931 coyitabat,

630 1937 811 2003 cuius
869 1939 991 2002 duo
1050 1935 1440 2018 eoeemplaria
1498 1936 1557 2001 ei
1604 1944 1866 2018 praesto
1932 1944 2117 2003 erant
2136 1940 2177 2001 1.
2291 1937 2544 2003 Deinde
2597 1937 2869 2003 Flacius
2908 1958 2960 1996 1⁵

630 2026 904 2107 sociique
979 2047 1132 2107 opus
1197 2025 1559 2091 Willibaldi
1572 2076 1590 2106 ,
1660 2048 1839 2109 quem
1904 2048 2029 2108 pro
2096 2026 2377 2107 episcopo
2443 2026 2869 2093 Eichstetensi

630 2116 959 2197 habebant,
1007 2115 1081 2179 in
1129 2114 1394 2180 ‘Octava
1438 2116 1726 2179 centuria
1772 2116 2225 2181 ecclesiasticae
2269 2115 2592 2181 historiae'
2643 2112 2865 2194 (Basi-

631 2204 765 2269 leae
800 2203 1004 2286 1564)
1038 2206 1462 2285 componenda
1505 2204 1936 2269 adhibuerunt
1968 2202 2302 2286 (inprimis
2338 2205 2449 2269 col.
2479 2212 2607 2269 790
2632 2206 2795 2288 sqq.)
2818 2207 2862 2268 ².

630 2292 999 2357 Editionem
1036 2292 1396 2374 principem
1439 2292 1721 2357 instituit

844 2398 1173 2463 Henricus
1243 2398 1672 2480 canisius,
1742 2399 2070 2481 Antiquae
2133 2400 2417 2466 lectionis
2474 2406 2675 2465 tomus
2730 2401 2859 2481 IV,
2901 2421 2954 2459 20

623 2508 788 2571 pars
845 2490 1139 2569 secunda,
1201 2487 1592 2569 Inyolstadii
1656 2494 1843 2569 1603,
1894 2510 1964 2569 p.
2015 2495 2384 2571 341-386,
2445 2511 2599 2554 usus
2657 2489 2863 2555 codice

549 2584 553 2588 ’
635 2576 1060 2655 Rebdorfensi
1105 2573 1147 2656 (
1147 2576 1289 2659 1⁰⁸)
1351 2582 1409 2641 et
1454 2577 1819 2658 apoqrapho
1865 2577 2167 2659 Hunqeri
2212 2576 2370 2658 (l's),
2431 2598 2697 2659 quorum
2753 2579 2860 2643 lec-

631 2666 831 2730 tiones
887 2664 1113 2730 varias
1168 2687 1237 2746 p.
1301 2672 1675 2729 387—391.
1735 2665 2081 2747 subiunxit,
2144 2669 2293 2732 dum
2352 2665 2584 2731 codicis
2642 2667 2860 2733 Wind-

631 2754 948 2836 berqensis
1009 2752 1143 2837 (4b)
1195 2761 1417 2835 postea
1475 2754 1713 2838 reperti
1773 2753 2065 2819 lectiones
2120 2777 2191 2836 p.
2243 2760 2498 2819 742—'7
2510 2761 2615 2819 45.
2662 2755 2857 2821 addit.

628 2844 797 2908 Eius
841 2842 1176 2914 editionem
1205 2843 1462 2907 iteravit
1493 2844 1765 2907 Iacobus
1794 2843 1959 2907 Bas
1972 2865 2075 2908 na
2085 2865 2204 2925 qe,
2250 2843 2505 2909 C'anisii
2535 2844 2860 2909 Lectiones
2900 2862 2951 2903 25

629 2932 930 3014 antiquae
975 2933 1081 3013 II,
1130 2930 1522 3013 Antverpiae
1575 2938 1648 2995 17
1661 2937 1763 3011 ³5
1800 2954 1871 3013 p.
1922 2938 2293 2998 232—249.

843 3037 1155 3104 Nicolaus
1203 3038 1294 3103 Se
1311 3058 1629 3117 rarius
1679 3038 2005 3119 Epistolae
2054 3039 2121 3103 S.
2169 3038 2486 3119 Bonifaci
2536 3039 2858 3122 martyris,

628 3127 1009 3209 Moquntiae
1068 3132 1234 3191 1605
1301 3124 1675 3208 (iterumque
1740 3127 1953 3209 1629),
2006 3149 2076 3209 p.
2127 3134 2340 3193 253-
2349 3133 2497 3208 284,
2562 3128 2773 3193 Vitam
2830 3149 2861 3191 e

629 3217 833 3282 codice
879 3214 1420 3295 Francofurtensi
1469 3211 1539 3292 (3
1545 3214 1601 3296 *)
1648 3215 1849 3279 edidit
1866 3216 1907 3295 3,
1969 3216 2173 3297 capite
2230 3216 2449 3281 ultim-o
2510 3238 2541 3280 e
2599 3216 2863 3282 C'anisio

629 3307 921 3388 supplet0,
971 3305 1151 3371 cuius
1197 3304 1486 3369 lectiones
1531 3302 1724 3368 etiam
1770 3303 1929 3369 alibi
1972 3304 2048 3369 in
2079 3312 2309 3371 textum
2340 3304 2603 3369 admisit
2618 3307 2662 3387 4,
2712 3304 2864 3369 aliis
2897 3325 2948 3364 30

631 3553 682 3616 1)
736 3550 819 3613 Cf.
869 3551 1234 3615 Nili-uberqer,
1290 3550 1428 3599 ‘Zur
1477 3549 2000 3613 handschriftlichen
2052 3550 2483 3617 Uebeoiieferunq
2530 3552 2627 3602 der
2675 3551 2862 3601 PVerke

627 3622 717 3673 des
770 3620 824 3671 h.
881 3620 1220 3684 Bonifatius’
1275 3620 1646 3685 (‘Pi·oqrarnm
1701 3622 1791 3671 des
1848 3622 2231 3687 Gymnasiums
2290 3639 2361 3673 zu
2412 3622 2620 3673 Neisse’
2681 3624 2860 3687 1883),

619 3710 678 3759 p.
735 3692 902 3745 XIII.
964 3721 1032 3729 -
1096 3690 1392 3743 Willibaldi
1452 3706 1585 3758 opus
1644 3696 1805 3743 etiam
1868 3710 1904 3743 a
1957 3693 2198 3745 Iohanne
2254 3693 2494 3746 Lelando
2550 3696 2860 3759 antiquario

627 3764 854 3828 Anqlico
908 3764 969 3829 (†
1007 3765 1167 3829 1552)
1223 3765 1283 3813 in
1336 3763 1745 3815 Commentariis
1794 3766 1859 3815 de
1904 3764 2257 3829 scriptoribus
2305 3765 2645 3815 Britannicis
2696 3781 2738 3819 c.
2791 3766 2859 3819 92

627 3835 731 3897 (ed.
769 3833 906 3885 Hall
933 3834 980 3900 I,
1022 3833 1218 3885 Oxonii
1253 3837 1408 3898 1709,
1436 3850 1496 3899 p.
1526 3836 1630 3889 126
1654 3839 1761 3901 sq.)
1799 3836 1872 3885 ad
1906 3836 2129 3885 codicem
2164 3836 2425 3900 quendam
2460 3835 2651 3887 classis
2688 3840 2721 3891 5
2760 3835 2857 3887 ad·
2894 3838 2943 3878 35

629 3906 854 3957 bibitum
889 3910 938 3955 et
973 3907 1192 3955 citatum
1231 3910 1320 3958 est.
1477 3907 1534 3972 2)
1580 3906 1661 3971 Cf.
1702 3906 2066 3971 Nitrnberyer,
2107 3905 2227 3957 ‘Die
2265 3907 2859 3970 Bonifatiuslitteratur

628 3978 726 4027 der
774 3975 1170 4041 Maqdeburqer
1223 3975 1647 4028 Centuriatoren’
1685 3976 1796 4041 (‘N.
1836 3976 2019 4030 Arch!
2056 3976 2162 4042 XI,
2205 3980 2311 4037 15).
2349 4008 2421 4015 —
2458 3980 2753 4029 Aventinus
2800 3980 2860 4027 in

627 4048 940 4099 Annalibus
972 4047 1165 4097 ducum
1203 4048 1460 4098 Boiariae
1492 4047 1604 4111 III,
1640 4048 1690 4100 8.
1731 4050 1763 4101 9
1800 4048 1901 4114 (ed.
1939 4047 2149 4098 Riezler
2172 4048 2220 4111 Ι,
2251 4065 2309 4115 p.
2347 4050 2453 4103 380
2476 4050 2609 4115 sqq.)
2637 4056 2861 4115 powaeteo

633 4117 877 4170 Otlohum
926 4117 1052 4167 Vita
1089 4118 1494 4168 Willibaldiana
1529 4120 1748 4169 minime
1782 4134 1915 4169 usus
1950 4124 2041 4183 est,
2077 4119 2138 4169 id
2172 4120 2311 4185 quod
2346 4119 2607 4170 Nic‘rnber
2604 4136 2702 4185 qer
2750 4121 2785 4173 l.
2824 4120 2860 4169 l.

619 4206 685 4255 p.
727 4190 821 4254 13)
857 4205 974 4239 cum
1010 4190 1206 4240 editore
1239 4190 1444 4242 statuit.
1554 4191 1610 4255 3)
1658 4189 1893 4241 Codicem
1927 4188 2013 4254 3³⁸,
2052 4204 2203 4255 quem
2241 4190 2633 4255 ‘Moquntinam
2670 4192 2862 4241 matri-
2896 4194 2947 4233 40

628 4259 826 4311 culam’
860 4265 1008 4311 vocat
1062 4258 1563 4325 (Moyuntiacarum
1602 4275 1787 4310 rerum
1832 4260 1975 4323 libri,
2028 4261 2185 4325 1604,
2213 4278 2273 4327 p.
2312 4264 2415 4315 319
2440 4266 2562 4327 sqq)
2600 4262 2702 4313 Ser
2704 4263 2862 4312 avius

631 4331 698 4382 ab
746 4330 972 4382 Andrea
1020 4329 1204 4380 Weber
1252 4330 1721 4395 Francofurtensi,
1772 4330 1965 4383 decano
2015 4331 2070 4382 S.
2108 4332 2523 4398 Bai-tholomaei,
2577 4338 2859 4399 acceperat.

626 4403 682 4469 4)
731 4400 800 4453 E.
835 4417 921 4467 qr.
958 4402 1416 4469 interpolationem
1463 4418 1504 4455 c.
1545 4403 1594 4456 7.
1646 4402 1719 4451 ad
1764 4402 1995 4453 Vivilum
2042 4404 2197 4468 episc.
2236 4403 2423 4456 Patav.
2473 4408 2787 4469 spectantem
2837 4418 2862 4454 e

631 4474 848 4525 Canisio
883 4474 1222 4541 deprompsit.
