3167 5192
697 482 800 537 194
877 518 886 525 -
919 477 1159 533 VITAE
1195 476 1601 532 BONIFATII
1636 475 1995 532 AUCTORE
2033 475 2340 531 OTLOHO
2377 476 2613 532 LIBER
2636 477 2715 533 H.

445 662 845 739 Eme.so.(12).
950 664 1719 724 REVERENTISSIMO
1740 658 1763 698 ¹
1815 663 2091 723 PATRI
2141 664 2261 722 ET
2312 663 2939 724 DILEGTISSIMO

693 754 1046 814 DoMNo⁸
1118 753 1300 814 CUM
1372 753 1714 813 TIMORE
1775 753 1894 811 ET
1954 752 2326 813 HONORE
2384 753 2935 823 VENERANDO,

693 840 1287 902 APOSTOLIC'AE
1349 840 1604 902 SEDIS
1666 841 1996 901 INFULA
2065 840 2113 900 S
2118 842 2564 902 UBLIMATO
2630 841 2937 901 ZAGHA-

694 932 914 991 RIAE
937 931 1268 990 BONIFA
1277 929 1488 1000 TIUS,
1522 930 1741 990 EXIG·
1750 930 1910 991 UUS
1936 930 2099 990 SER
2110 929 2266 991 VUS
2294 930 2640 1001 VESTER,
2674 931 2778 990 LI
2776 930 2942 990 GET

694 1019 1127 1081 INDIGNUS
1190 1020 1309 1078 ET
1379 1019 1790 1089 ULTIMUS,
1866 1008 2202 1078 TAMENb
2270 1020 2668 1081 LEGATUS
2736 1019 2937 1079 GER-
2973 1040 3002 1078 5

694 1110 890 1169 MAN
885 1110 930 1168 I
927 1107 1080 1170 OUS
1120 1109 1354 1168 DEVO
1363 1108 1774 1178 TISSIMUS,
1842 1108 2356 1167 OPTABILEM
2398 1109 2505 1169 IN
2561 1107 2937 1168 GHRISTO

937 1195 1710 1258 INMARGESC'IBILIS
1755 1196 1963 1257 CARI
1962 1195 2211 1256 TATIS
2252 1196 2670 1258 SALUTEM.

909 1325 1196 1381 Paternae
1230 1323 1472 1397 pietatis
1516 1327 1739 1381 vestrae
1791 1322 2146 1381 sanctitatem
2204 1323 2468 1381 subnixis
2514 1322 2789 1397 precibus
2848 1323 2936 1380 ob-

697 1431 872 1481 secro,
919 1417 985 1470 ut
1027 1413 1173 1470 hunc
1206 1412 1594 1486 presbiterum
1638 1430 1842 1480 meum,
1880 1412 2224 1485 portitorem
2271 1410 2574 1470 literarum
2616 1430 2665 1485 p
2680 1431 2715 1470 r
2731 1430 2761 1469 e
2774 1430 2805 1469 s
2818 1430 2847 1469 e
2862 1429 2905 1468 n
2918 1446 2936 1454 ·

698 1503 755 1561 ti
771 1521 810 1560 u
824 1520 881 1559 m
938 1502 1160 1559 nomine
1221 1501 1341 1559 Isul
1406 1505 1571 1573 yrato
1632 1501 1822 1559 animo
1891 1499 2223 1559 clementer⁰
2288 1500 2633 1574 suscipiatis.
2742 1500 2943 1558 Habet
2975 1519 3025 1557 ιο

697 1591 846 1649 enim
903 1594 1119 1649 secreta
1176 1590 1455 1664 quaedam
1513 1607 1657 1658 mea,
1728 1608 1873 1663 quae
1940 1589 2050 1647 soli
2106 1588 2318 1663 pietati
2383 1594 2604 1648 vestrae
2661 1587 2939 1663 profiteri

696 1680 870 1749 debet,
917 1679 1196 1753 quaedam
1254 1678 1592 1752 quidem
1650 1678 1787 1736 viva
1844 1696 1974 1736 voce
2032 1668 2334 1747 dicensd,
2396 1678 2677 1752 quaedam
2733 1696 2936 1736 vero

685 1768 836 1842 pere
894 1768 1094 1826 literas
1153 1768 1375 1826 ostende
1395 1786 1434 1825 n
1457 1786 1503 1825 s.
1598 1766 1692 1825 De
1736 1767 2074 1840 quibusdam
2118 1786 2159 1824 n
2181 1785 2219 1824 a
2240 1786 2298 1824 m
2320 1785 2355 1840 q
2378 1786 2417 1825 u
2441 1786 2470 1825 e
2512 1766 2939 1826 necessitatibus

695 1858 836 1915 meis
879 1857 1170 1930 inquirere
1223 1862 1278 1915 et
1331 1856 1689 1930 interroqare
1746 1856 1890 1914 mihi
1912 1875 1946 1930 q
1969 1874 2010 1913 u
2032 1874 2061 1913 e
2117 1856 2495 1930 paternitatis
2558 1860 2784 1914 vestrae
2850 1874 2935 1913 re-

696 1965 963 2020 sponsum
1022 1950 1078 2003 et
1132 1945 1430 2003 consilium
1489 1964 1564 2003 ex
1577 1932 1606 1975 f
1658 1945 1996 2003 auctoritate
2053 1945 2236 2003 sancti
2294 1945 2460 2003 Petri
2523 1944 2793 2019 apostoli
2860 1944 2939 2001 ad
2977 1957 3024 2000 15

696 2036 966 2093 solatium
1009 2034 1305 2093 senectutis
1349 2034 1784 2107 representareg
1820 2034 1859 2091 d
1882 2053 1911 2091 e
1933 2035 1966 2092 b
1990 2052 2019 2092 e
2042 2038 2103 2102 t,
2152 2038 2233 2102 ut,
2282 2034 2373 2092 his
2416 2034 2673 2092 omnibus
2718 2032 2939 2091 auditis

697 2129 752 2181 et
801 2123 1191 2191 consideratis,
1254 2123 1307 2181 si
1368 2110 1554 2196 quaeh
1606 2122 1724 2181 sint
1786 2141 1930 2196 quae
1986 2122 2145 2181 vobis
2199 2110 2505 2196 placeanti
2567 2124 2747 2193 facta,
2810 2120 2937 2179 Deo

699 2231 738 2270 a
760 2212 1124 2270 uaeilian
1147 2215 1247 2281 te,
1294 2211 1569 2279 studeam,
1618 2211 1671 2271 si
1702 2211 1840 2285 quid
1870 2216 2076 2279 autem,
2124 2216 2191 2269 ut
2234 2211 2541 2269 timendum
2586 2216 2685 2279 est,
2734 2211 2936 2284 displi-

699 2307 837 2371 ceat,
885 2318 959 2359 ex
993 2305 1261 2375 precepto
1306 2300 1490 2359 sancti
1534 2301 1887 2373 apostolatus
1930 2300 2107 2359 vestri
2151 2301 2241 2359 vel
2269 2300 2680 2374 indulqentiam
2708 2318 2937 2357 merear

697 2392 790 2448 vel
831 2390 1063 2464 diqnam
1095 2389 1470 2467 penitentiam
1504 2391 1854 2463 persolvam.
2973 2406 3028 2444 20

911 2478 1244 2537 Antecessor
1273 2478 1474 2537 etenim
1508 2497 1623 2552 pre
1646 2478 1685 2535 d
1707 2497 1735 2536 e
1758 2478 1997 2537 cessoris
2040 2478 2217 2537 vestri
2246 2478 2599 2537 venerandae
2626 2476 2937 2535 memoriae

703 2568 1037 2641 G-reqorius,
1085 2568 1222 2626 dum
1266 2586 1353 2625 me
1397 2567 1693 2640 indiqnum
1724 2567 2018 2625 ordinavit
2058 2572 2114 2625 et
2141 2568 2218 2625 ad
2251 2567 2671 2641 predicandum
2700 2566 2937 2624 verbum

698 2656 836 2729 fidei
897 2656 1259 2715 Germanicis
1316 2656 1570 2729 yentibus
1628 2656 1804 2725 misit,
1874 2660 2227 2714 sacramento
2294 2675 2383 2713 me
2440 2655 2801 2723 constrinoeit,
2872 2659 2940 2713 ut

700 2746 986 2804 canonicis
1041 2750 1096 2803 et
1137 2744 1307 2803 iustis
1364 2745 1643 2819 episcopis
1702 2764 1739 2803 a
1762 2764 1791 2803 c
1837 2745 2181 2819 presbiteris
2246 2744 2309 2803 in
2373 2746 2562 2813 verbo,
2624 2744 2687 2803 in
2756 2746 2935 2815 factO,

699 2835 762 2893 in
829 2852 1096 2893 consensu
1155 2834 1501 2908 astipulator
1558 2838 1615 2891 et
1683 2833 1915 2892 adiutor
1985 2833 2199 2905 fierem,
2268 2852 2304 2908 q
2326 2853 2367 2892 u
2391 2852 2422 2891 o
2445 2834 2485 2892 d
2551 2851 2677 2891 cum
2734 2831 2939 2891 divina
2974 2850 3028 2889 2⁵

698 2923 894 2996 qratia
937 2923 1175 2997 implere
1218 2922 1448 2995 studui;
1495 2923 1682 2994 falsos
1740 2927 1929 2981 autem
1980 2923 2315 2992 sacerdotes,
2371 2922 2700 2997 ypochritas
2758 2926 2815 2979 et
2855 2940 2937 2979 se-

701 3012 960 3073 ductores
1016 3012 1367 3085 populorum
1433 3013 1523 3070 vel
1591 3012 1933 3084 corriqerem
2001 3012 2078 3069 ad
2138 3012 2295 3069 viam
2359 3011 2566 3071 salutis
2619 3012 2709 3069 vel
2768 3010 2937 3068 decli-

699 3119 900 3159 narem
969 3105 1023 3158 et
1087 3100 1424 3158 abstinerem
1491 3119 1530 3158 a
1598 3100 1979 3159 communione
2045 3090 2372 3174 ipsorumk,
2434 3100 2583 3174 quod
2640 3118 2715 3157 ex
2761 3104 2940 3173 parte

701 3188 932 3248 servavi
989 3192 1045 3247 et
1109 3208 1146 3247 a
1170 3189 1289 3247 lic
1310 3208 1351 3247 u
1374 3190 1454 3247 bi
1520 3190 1760 3263 implere
1817 3208 1929 3247 non
1962 3189 2150 3263 potui.
2246 3177 2642 3263 Spiritaliterl
2700 3187 2940 3261 implevi

701 3282 1136 3346 sacramentum,
1184 3278 1322 3351 quia
1366 3278 1428 3336 in
1473 3296 1800 3337 consensum
1858 3283 1913 3336 et
1969 3278 2267 3337 consilium
2324 3278 2561 3337 illorum
2617 3296 2730 3335 non
2786 3276 2945 3334 venit
2977 3295 3027 3333 30

702 3367 901 3425 anima
956 3386 1100 3425 mea.
1207 3365 1658 3441 Corporaziterm
1704 3372 1892 3425 autem
1950 3368 2022 3425 ab
2068 3367 2150 3426 eis
2208 3367 2433 3427 omnino
2488 3366 2769 3425 abstinere
2826 3384 2941 3423 non

692 3456 930 3533 potuim,
964 3455 1100 3514 dum
1129 3456 1258 3513 veni
1271 3475 1299 3514 e
1313 3475 1352 3514 n
1365 3475 1394 3514 s
1439 3456 1516 3515 ad
1549 3456 1878 3530 principem
1908 3456 2291 3525 Francorum,
2325 3459 2542 3529 coqente
2572 3454 2941 3536 ecclesiarum

701 3544 1044 3614 necessitate,
1111 3545 1252 3603 tales
1308 3545 1392 3603 ibi
1435 3544 1627 3619 reperi
1650 3563 1679 3603 s
1700 3563 1731 3604 s
1753 3564 1782 3603 e
1805 3563 1861 3602 m
1875 3591 1894 3615 ,
1954 3546 2151 3619 quales
2194 3545 2424 3617 nolui¹¹;
2487 3544 2586 3603 sed
2632 3549 2819 3602 tamen
2877 3544 2941 3601 in

703 3638 902 3693 sancta
945 3634 1327 3693 communione
1373 3634 1631 3708 corporis
1666 3632 1883 3693 Christi
1926 3633 2049 3692 illis
2092 3633 2242 3693 non⁰
2298 3632 2725 3692 communicavi.

918 3722 1186 3797 Precepit
1249 3741 1464 3797 quoque
1530 3722 1675 3781 mihi
1729 3725 2009 3797 prefatus
2082 3723 2426 3797 apostolicus
2488 3722 2797 3796 pontifex,
2877 3725 2945 3779 ut
2976 3736 3025 3777 ⁸5

693 3812 1066 3895 populorum,
1113 3830 1486 3885 quoscumque
1526 3812 1869 3881 visitassem,
1916 3811 2391 3871 conversationem
2422 3816 2477 3869 et
2502 3828 2688 3869 mores
2717 3814 2940 3883 aposto·

707 3899 829 3959 lico
876 3900 1186 3974 presuli
1231 3900 1641 3973 indicassem1';
1686 3900 1836 3975 quod
1878 3900 1942 3959 in
1984 3900 2237 3960 Domino
2283 3899 2499 3972 confido
2544 3919 2646 3959 me
2700 3898 2877 3971 feciss
2890 3917 2937 3957 e.

917 4068 1020 4109 vn.
1076 4068 1181 4116 Gap.
1211 4068 1278 4107 12.
1343 4068 1383 4107 1.
1412 4068 1482 4107 za.
1498 4068 1539 4107 b.
1555 4079 1593 4107 c.

707 4156 754 4206 a)
783 4154 873 4195 dfio
899 4157 969 4197 212.
1078 4156 1126 4207 b)
1153 4161 1186 4195 t.
1217 4158 1247 4196 1.
1279 4156 1334 4197 G.
1364 4154 1468 4198 dev.
1499 4158 1547 4195 in
1573 4167 1717 4205 mara.
1748 4158 1890 4207 suppl.
1920 4158 1990 4197 211.
2101 4157 2142 4209 e)

2170 4168 2253 4197 om.
2275 4157 2323 4196 2ο
2448 4155 2495 4209 d)
2523 4168 2607 4197 om.
2629 4156 2696 4195 25.
2809 4157 2853 4203 e)
2878 4164 2939 4194 m.

703 4211 766 4249 al.
793 4211 937 4258 suppl.
967 4211 1028 4251 20.
1155 4210 1190 4259 1)
1218 4220 1436 4258 πρῶτον.
1465 4210 1534 4249 2α.
1663 4213 1710 4261 g)
1739 4215 1973 4260 reportare
2001 4210 2071 4251 2⁶.
2196 4210 2335 4314 112)(ἓι

2229 4329 2260 4366 1>

2326 4184 2364 4249 'a
2390 4211 2457 4249 εὖ.
2586 4210 2619 4258 i)
2647 4206 2689 4253 ει
2714 4209 2837 4258 aaa„
2864 4210 2942 4248 aaa
2974 4208 3027 4245 40

705 4273 820 4302 eras.
847 4264 918 4303 20.
1045 4263 1092 4313 k)
1122 4274 1276 4303 eorum
1303 4264 1365 4303 20.
1491 4264 1526 4312 1)
1553 4264 1857 4313 spiritualiter
1885 4266 1951 4307 21».
1966 4265 2007 4303 b.
2022 4275 2058 4303 c.
2323 4264 2590 4312 orporaliter
2618 4283 2669 4293 ·-
2698 4263 2827 4311 potui
2852 4272 2937 4301 om.

705 4316 775 4355 2a.
792 4317 886 4356 b.c.
995 4318 1044 4365 n)
1071 4317 1179 4356 noui
1207 4318 1272 4356 20.
1383 4318 1426 4366 o)
1456 4327 1580 4355 versu
1608 4328 1677 4357 av.
1706 4328 1765 4357 m.
1794 4318 1854 4359 al.
1884 4318 2029 4367 suppl.
2050 4317 2120 4356 20.
2262 4318 2278 4364 )
2308 4317 2557 4356 indicarem
2585 4317 2652 4356 2b.

709 4458 763 4527 1)
801 4458 956 4523 Jaffe'
984 4474 1038 4513 n.
1067 4462 1136 4515 79
1172 4468 1248 4526 (p.
1273 4460 1440 4521 218)‚·
1476 4460 1760 4512 Dammler
1793 4476 1847 4513 n.
1873 4460 1943 4513 86
1981 4457 2058 4529 (p.
2096 4458 2243 4527 367).
