3167 5192
592 459 787 514 VITA
822 459 1225 516 BONIFATII
1261 459 1622 516 AUCTORE
1658 459 2172 519 WILLIBALDO.
2420 462 2491 520 57

257 665 609 710 servorum
672 645 803 709 Dei
864 644 1366 709 habitationem
1425 645 1501 708 in
1560 644 1713 709 loco
1783 647 2063 710 eodem²
2133 645 2489 710 collocare.

258 733 395 798 Sed
444 755 600 798 cum
646 733 1039 818 praefatum
1086 733 1391 798 colliculi
1438 755 1608 818 opus
1654 735 1794 797 iam
1831 755 1913 798 ex
1959 735 2232 818 integro
2265 734 2490 798 aedifi·

258 825 499 888 carent
546 826 617 888 et
660 843 859 888 omne
892 823 1146 907 quippe
1194 823 1583 890 aedificium
1637 823 1854 906 ipsius
1901 826 2289 888 structurae
2338 843 2490 887 con-

255 911 549 996 plerent,
612 912 823 976 etiam
876 911 965 976 ad
1025 932 1095 976 se
1154 913 1427 988 reversi,
1490 911 1657 995 quid
1715 911 1984 976 incolae
2039 912 2489 977 habitatores-

184 1023 215 1062 5
255 995 429 1084 queb
484 1000 619 1065 loci
666 1000 893 1064 illius⁰
951 1001 1037 1066 de
1080 996 1424 1065 insulsaed
1474 1001 1764 1084 penuria
1808 1000 2131 1085 limphae,
2182 1034 2264 1043 —
2313 1021 2489 1083 quae

253 1110 378 1173 per
445 1110 718 1154 omnem
786 1093 1000 1173 penee
1072 1089 1375 1154 Fresiam
1445 1090 1812 1153 maximam
1880 1094 2024 1153 tam
2093 1090 2489 1154 hominibus

254 1199 465 1261 quam
496 1179 707 1242 etiam
746 1179 1213 1243 animantibus
1261 1178 1751 1243 difficultatem
1790 1179 2035 1262 gignit,
2069 1213 2158 1221 —-
2186 1180 2372 1243 inter
2419 1199 2489 1242 se

253 1268 545 1331 invicem
611 1267 1087 1350 disputarunt:
1146 1272 1299 1330 tum
1347 1267 1622 1332 demum
1677 1288 1877 1344 unus,
1941 1267 2239 1332 Domino
2298 1266 2488 1332 mise·

252 1360 474 1425 rante,
524 1355 642 1440 qui
687 1355 995 1420 officium
1042 1350 1583 1439 praefecturaef·
1606 1356 1630 1395 ²
1677 1356 2051 1421 secundum
2106 1357 2446 1420 indictum
2466 1357 2490 1394 ²

156 1467 215 1504 ιο
250 1445 539 1528 gloriosi
604 1445 833 1528 regisg
905 1445 1183 1529 Pippini
1260 1466 1465 1529 super
1534 1467 1789 1529 pagum
1857 1445 2220 1529 locumque
2287 1445 2488 1508 illum

254 1533 544 1618 gerebat
613 1537 685 1598 et
747 1535 1063 1618 princeps
1122 1535 1337 1617 ipsius
1406 1539 1556 1598 erat
1621 1534 1862 1618 operiS,
1926 1535 2202 1599 nomine
2263 1533 2483 1611 Abba,

248 1623 549 1706 sumptis
618 1642 847 1686 secum
909 1617 1259 1708 collegish,
1323 1643 1573 1706 equum
1644 1623 1973 1700 ascendit,
2037 1644 2135 1701 ac,
2209 1624 2487 1688 circum·

252 1714 498 1794 agrato
592 1711 767 1776 colle
841 1712 1247 1795 tumuloque
1322 1713 1634 1796 inspecto
1654 1764 1668 1790 ,
1761 1715 2047 1795 repente
2130 1712 2487 1776 cuiusdam

252 1799 567 1864 caballus
616 1801 811 1883 pueri
858 1822 941 1866 ex
985 1794 1401 1885 inproviso¹‚
1451 1804 1726 1864 tantum
1775 1800 2066 1884 pedibus
2111 1805 2336 1865 terrae
2390 1801 2487 1864 in-

156 1909 215 1950 15
252 1889 524 1972 pressis,
573 1890 814 1954 ruinae
868 1891 1145 1976 penitus
1206 1911 1515 1954 casuram
1578 1889 2072 1973 temptabatur,
2137 1889 2487 1954 anteriori-

252 1971 563 2061 busquek
614 1979 826 2043 humo
876 1979 1103 2042 infixis
1152 1977 1481 2055 cruribus,
1530 1978 1998 2056 volutabatur,
2048 1979 2266 2043 donec
2316 1971 2482 2055 hiil,

252 2067 375 2149 qui
444 2067 766 2151 agiliores
835 2067 1355 2150 solertioresque
1418 2068 1794 2132 extiterant
1812 2119 1826 2144 ,
1901 2067 2286 2131 discensism
2347 2067 2486 2130 suis

248 2175 712 2240 praepropere
782 2156 1067 2220 caballis
1086 2207 1099 2233 ,
1172 2177 1419 2239 equum
1482 2160 1709 2220 terrae
1777 2157 2209 2220 inherentem
2272 2159 2487 2220 extra·

252 2247 524 2309 herent.
632 2244 769 2308 Sed
822 2245 1238 2328 stupendum
1302 2245 1540 2309 statim
1601 2266 1680 2310 ac
1741 2244 2140 2328 spectaculo
2200 2245 2488 2328 dignum

157 2353 214 2393 20
252 2333 365 2396 his
426 2334 544 2416 qui
604 2334 895 2397 aderant
954 2337 1300 2398 ostensum
1374 2338 1563 2398 erat1¹
1633 2333 2069 2398 miraculum:
2134 2339 2205 2398 et
2270 2335 2490 2418 limpi-

254 2422 577 2485 dissimus
626 2425 819 2486 extra
866 2423 1435 2487 consuetudinem
1480 2422 1670 2485 illius
1715 2425 1940 2487 terrae
1985 2424 2210 2496 fons⁰,
2275 2425 2486 2488 mirae

253 2511 619 2574 suavitatis
688 2515 898 2594 gustu
964 2511 1429 2588 indulcatusP,
1502 2512 1994 2595 prorumpebat
2064 2515 2134 2576 et
2203 2533 2323 2595 per
2389 2513 2486 2574 in-

252 2601 571 2683 cognitos
648 2603 1017 2684 penetrans
1087 2604 1353 2665 meatus
1430 2599 1819 2684 profluebat
1839 2652 1852 2678 ,
1929 2603 2011 2664 ut
2085 2601 2272 2665 rivus
2347 2601 2481 2663 iam

252 2689 593 2752 maximus
654 2709 798 2753 esse
858 2690 1227 2754 videretur.
1337 2687 1531 2768 Quoq
1599 2689 2068 2772 obstupefacti
2133 2689 2483 2766 miraculo,

158 2797 213 2837 ετ,
253 2777 648 2842 exultantes
696 2781 903 2861 atque
951 2778 1210 2842 alacres
1271 2779 1551 2842 domum
1609 2779 1882 2855 reversi,
1946 2798 2028 2842 ea
2087 2799 2261 2861 quae
2307 2778 2485 2843 vide-

249 2869 421 2930 runt
467 2866 785 2951 plebibus
833 2862 1436 2952 devulgarunt*·¹.

484 3021 537 3090 ³¹⁸)
576 3022 785 3076 Codices
819 3023 905 3078 2η.
926 3023 959 3074 b
993 3022 1121 3074 haec
1158 3020 1424 3074 addunt⁸.·

790 3093 811 3156 (
816 3091 867 3162 1)
883 3101 935 3147 ⁸.
985 3091 1283 3146 Inlustrem
1318 3093 1490 3146 sancti
1514 3091 1816 3146 Bonifatiit
1854 3092 2024 3146 vitam
2061 3109 2346 3160 moresque
2373 3093 2488 3146 eius
2514 3111 2611 3149 Vita
2626 3121 2660 3150 c.
2679 3113 2719 3152 1.

572 3163 731 3216 huius
767 3163 895 3216 libri
930 3163 1161 3216 stamine
1198 3162 1426 3216 nitimur
1462 3163 1716 3219 enodare.

158 3251 215 3291 ³0
789 3237 883 3302 (2).
944 3233 1175 3288 Sanctus
1231 3233 1561 3302 Bonifacius,
1618 3252 1743 3288 cum
1796 3234 2042 3304 primevo
2100 3234 2292 3288 aetatis
2348 3238 2488 3288 esset

576 3303 791 3374 decore,
828 3309 1049 3359 aeterna
1084 3304 1259 3376 magis
1296 3323 1461 3374 quam
1498 3306 1773 3375 presentia
1809 3305 2050 3376 cogitare
2085 3304 2378 3360 studivitu.

468 3466 507 3506 1.
557 3467 659 3514 Cap.
681 3466 723 3506 9.
780 3468 819 3505 1.
849 3466 917 3505 2α.
940 3466 980 3506 b.
1000 3477 1037 3505 c.
1066 3467 1107 3506 3.
1137 3468 1178 3506 4.
1290 3467 1418 3506 Nota.
1478 3469 1544 3506 2α.
1566 3468 1607 3506 ὁ.

251 3540 297 3585 a)
334 3535 492 3576 eadem
522 3539 561 3576 1.
689 3536 735 3588 b)
773 3547 860 3585 que
888 3548 971 3576 om.
1004 3539 1043 3576 1.
1182 3536 1227 3588 c)
1255 3539 1395 3587 ipsius
1424 3540 1464 3578 1.
1593 3536 1640 3588 d)
1676 3537 1905 3586 insultem
1924 3549 2001 3586 pr.
2032 3548 2089 3576 m.
2121 3537 2200 3583 2a,·
2241 3536 2415 3575 insulae
2441 3535 2483 3584 4,

250 3602 369 3630 corr.
480 3590 523 3642 e)
550 3601 634 3630 om.
666 3592 704 3629 1.
841 3589 877 3640 1)
903 3593 1155 3639 praefectus
1184 3593 1239 3630 2a
1264 3594 1357 3639 (pr.
1386 3595 1484 3641 m.).
1514 3593 1539 3630 b
1566 3593 1676 3638 (non
1704 3593 1786 3638 2ο).
1905 3591 1950 3640 g)
1978 3591 2028 3628 P.
2060 3601 2097 3628 r.
2128 3590 2168 3628 3.
2279 3587 2326 3638 h)
2355 3589 2487 3628 colle-

160 3644 213 3684 35
250 3645 336 3692 giis
365 3645 432 3683 2b.
569 3645 604 3691 i)
644 3643 873 3693 inprovisu
900 3643 940 3684 4.
994 3660 999 3664 ·
1079 3643 1127 3694 k)
1168 3646 1485 3695 anteriorib(us
1521 3646 1566 3683 in
1605 3643 1715 3694 ras.)
1753 3655 1842 3700 quaeg²
1875 3646 1912 3684 1.
2051 3643 2084 3692 l)
2125 3643 2187 3681 ita
2217 3643 2260 3690 13
2303 3643 2350 3680 hi
2387 3643 2484 3681 rell.

251 3700 313 3746 m)
357 3695 585 3738 descensis
613 3698 675 3736 20.
704 3695 745 3736 3.
882 3699 931 3747 n)
972 3703 1041 3737 est
1067 3699 1109 3748 3,
1146 3710 1261 3738 corr.
1398 3701 1441 3747 ο)
1482 3700 1606 3738 frons
1644 3709 1720 3746 pr.
1751 3709 1809 3736 m.
1840 3697 1908 3736 2α.
2045 3700 2090 3746 p)
2128 3696 2431 3735 indulcoratus
2459 3695 2487 3735 3

252 3755 292 3789 et
319 3762 379 3789 m.
409 3751 468 3789 al.
498 3751 567 3790 2a.
678 3749 726 3802 q)
755 3749 853 3797 Quo
874 3765 903 3798 t,
934 3762 1024 3790 ras.
1056 3751 1085 3789 d
1111 3751 1180 3790 2a.
1212 3753 1251 3790 b.
1347 3755 1387 3800 r)
1412 3753 1476 3790 ita
1505 3753 1543 3791 1.
1573 3753 1614 3791 3.
1643 3749 1692 3800 4;
1721 3751 1888 3799 divulg.
1917 3750 2013 3788 rell.
2057 3751 2229 3788 Subscr.
2259 3750 2380 3788 Finit
2408 3750 2488 3796 2a,·

250 3803 455 3853 Explicit
494 3803 643 3853 passio
686 3804 828 3844 sancti
870 3805 1089 3844 Boniiacii
1132 3805 1457 3854 archiepiscopi
1494 3805 1816 3854 Moguntiensis
1855 3805 1928 3850 2c‚·
1969 3803 2168 3852 Explicit
2210 3803 2302 3842 vita
2343 3803 2486 3842 sancti

251 3856 477 3896 Bonifacii
504 3857 833 3906 archiepiscopi
861 3863 907 3897 et
933 3859 1141 3909 martyris
1170 3859 1244 3897 vel
1272 3859 1419 3907 passio
1448 3859 1589 3907 ipsius
1618 3868 1672 3897 ac
1699 3858 1920 3896 sociorum
1950 3856 2044 3896 eius
2071 3856 2142 3896 4a.
2253 3855 2290 3906 s)
2319 3857 2488 3894 numeri

158 3912 213 3950 40
250 3913 405 3949 desunt
430 3911 552 3950 codd.
564 3922 583 3958 ;
620 3911 784 3960 Incipit
820 3913 969 3960 passio
1005 3911 1146 3950 sancti
1176 3912 1398 3952 Bonitacii
1434 3912 1634 3961 episcopi
1671 3916 1716 3949 et
1745 3910 1940 3950 martiris
1969 3911 2016 3948 in
2043 3911 2182 3959 spatio
2210 3921 2340 3948 vacuo
2368 3913 2487 3947 atra-

253 3968 395 4002 mento
422 3964 510 4003 alio
534 3973 729 4012 praescr.
760 3965 827 4004 2b.
938 3967 972 4013 t)
998 3975 1113 4004 corr.
1144 3966 1367 4004 Boniiacii
1396 3965 1465 4013 2α,
1495 3969 1534 4003 et
1562 3965 1624 4002 ita
1653 3964 1719 4003 2b.
1829 3963 1878 4017 u)
1905 3961 2079 4003 studuit
2105 3963 2172 4002 sb.

250 4087 413 4154 tiri03
460 4088 521 4142 V.
558 4087 856 4139 Willehadi
887 4103 927 4142 c.
966 4091 1001 4142 2
1039 4087 1155 4157 (SS.
1195 4088 1274 4152 II,
1312 4088 1436 4155 380)
1452 4106 1471 4140 .·
1509 4087 1768 4155 venitque.
1805 4087 1861 4139 in
1898 4085 2144 4140 Fresiam
2182 4084 2252 4138 ad
2302 4086 2484 4137 locum

251 4158 344 4226 qui
384 4157 589 4210 dicitur
611 4157 1132 4226 Dockynchirica
1168 4157 1315 4225 quod
1353 4162 1434 4211 est
1470 4158 1527 4210 in
1562 4176 1707 4228 pago
1732 4157 2028 4227 Hostraga,
2054 4157 2149 4210 ubi
2176 4161 2228 4209 et
2256 4155 2485 4209 domnus

250 4228 571 4282 Bonifacius
599 4229 883 4298 episcopus
906 4229 1015 4281 iam
1044 4229 1173 4282 olim
1206 4229 1454 4282 martirio
1480 4234 1773 4282 coronatus
1799 4228 1993 4283 fuerat.
2055 4229 2292 4280 Ecclesia
2315 4227 2487 4279 Paulo

158 4315 215 4354 45
251 4303 488 4368 apostolo
536 4307 585 4352 et
620 4301 903 4365 Bonifatio
950 4301 1126 4353 dicata
1174 4308 1291 4353 erat
1306 4319 1323 4361 ‚·
1366 4302 1438 4365 cf.
1490 4317 1676 4354 versus
1709 4301 1922 4353 Alcvim‘
1961 4300 2022 4350 de
2071 4299 2280 4350 ecclesia
2315 4301 2490 4350 sancti

252 4373 521 4438 Ia’udyeri
544 4373 633 4438 (V.
658 4373 923 4438 Mudyeri
942 4372 992 4437 I,
1018 4375 1088 4427 20
1113 4373 1189 4425 ed.
1215 4373 1481 4439 Diekamp
1505 4389 1565 4439 p.
1593 4375 1696 4433 24:
1733 4372 2028 4434 Βαρκαῖον,
2053 4370 2241 4422 Poetae
2265 4370 2312 4435 I,
2339 4371 2486 4438 304).

254 4445 307 4510 1)
350 4444 412 4498 V.
457 4461 515 4511 p.
554 4447 641 4507 53,
679 4460 732 4498 n.
776 4445 824 4497 1.
966 4443 1020 4511 2)
1058 4443 1243 4509 Supra
1288 4462 1343 4512 p.
1383 4447 1470 4509 53,
1511 4447 1608 4499 15:
1647 4441 1899 4496 edictum.
2045 4442 2098 4508 3)
2138 4440 2224 4504 Cf.
2259 4457 2319 4506 p.
2358 4441 2486 4498 XX.
