3167 5192
720 482 825 535 122
954 477 1199 533 VITAE
1235 476 1641 532 BONIFATII
1676 477 2036 533 AUCTORE
2075 476 2383 532 OTLOHO
2418 477 2652 533 LIBER
2674 478 2722 535 Ι.

462 660 941 726 W⁶²¹‘b“³d·talem
1054 668 1498 743 eligerent,
1612 666 2020 736 instructia,
2136 669 2622 725 omnimodis
2736 685 2982 726 omnes

528 725 561 755 c.
580 714 620 756 ὃ.

720 759 983 832 ipsum
1059 760 1384 825 sanctum,
1471 757 1579 831 qui
1656 774 1741 814 eo
1832 762 2114 831 tempore
2189 756 2465 813 Winfrid
2555 758 2980 825 dicebatur,

720 847 931 903 unice
1005 846 1443 920 precabantur,
1522 849 1597 902 ut
1663 846 2057 920 pastoralem
2135 863 2324 921 super
2398 862 2504 903 eos
2581 832 2972 921 suscipereb

720 952 991 992 curam
1058 935 1566 1009 dignaretur.
1681 937 1784 991 At
1851 936 1998 993 ille
2067 936 2374 993 altiora
2441 952 2809 1010 quaeque
2886 936 2983 990 in

719 1024 990 1081 animo
1036 1040 1361 1099 gerens,
1422 1040 1579 1081 non
1627 1041 1900 1081 eorum
1958 1041 2240 1099 preces
2293 1024 2463 1081 ullo
2522 1024 2982 1099 superbiae
3019 1038 3048 1078 5

719 1113 947 1170 fastu
994 1113 1408 1187 despexit,
1472 1114 1586 1169 sed
1633 1130 1832 1187 quae
1886 1113 2155 1170 intentio
2215 1130 2360 1170 sua
2420 1117 2642 1170 esset
2699 1113 2981 1169 humi-

720 1203 917 1259 liter
985 1202 1385 1276 pandens,
1449 1203 1660 1276 quod
1725 1202 2086 1270 scilicet,
2150 1203 2574 1277 despectis
2634 1202 2980 1259 cunctis

722 1292 961 1366 patriae
1037 1290 1447 1347 facultatibus
1524 1293 1768 1365 atque
1859 1290 2345 1359 honoribus,
2424 1308 2563 1365 pro
2641 1290 2980 1348 Christi

721 1397 987 1437 amore
1032 1396 1335 1454 proque
1382 1380 1731 1437 aliorum
1779 1380 2050 1437 salute
2097 1381 2618 1455 peregrinari
2662 1380 2976 1447 vellet,

720 1486 893 1527 cum
955 1469 1305 1525 omnium
1365 1470 1720 1525 caritate
1790 1467 2070 1544 atque⁰
2140 1470 2490 1526 licentia
2556 1456 2971 1526 fratrumd
3019 1486 3074 1523 ιο

720 1561 909 1615 vota
968 1574 1111 1614 sua
1180 1558 1569 1615 obtinuit.
1688 1558 1782 1615 Et
1851 1562 1936 1615 ut
1996 1559 2306 1615 eisdem
2373 1556 2636 1615 votis⁰
2705 1559 2978 1614 maior

722 1648 1183 1704 auctoritas
1231 1648 1639 1715 eveniret,
1688 1647 1900 1703 adiit
1954 1648 2202 1703 etiam
2261 1647 2531 1722 ipsius
2579 1648 2738 1704 loci
2801 1648 2973 1721 epi-

723 1753 1052 1810 scopum
1111 1736 1670 1792 venerandum
1728 1737 2054 1793 nomine
2100 1723 2571 1805 Danihelemf,
2633 1739 2973 1810 petens,

722 1828 1131 1900 quatenus
1180 1825 1352 1881 eius
1398 1825 1995 1882 benedictione
2055 1828 2134 1881 et
2177 1825 2374 1882 literis
2422 1826 2974 1882 commendaticiis

722 1915 806 1971 ad
851 1914 1118 1971 Romam
1164 1913 1700 1988 profecturus
1747 1915 1870 1971 uti
1916 1917 2388 1971 mereretur.
2475 1912 2721 1985 Quam
2768 1915 2975 1988 peti·
3015 1928 3068 1967 15

722 2004 1030 2060 tionem
1080 2002 1557 2077 episcopusg
1608 2004 1852 2071 idem,
1901 2006 2105 2060 nutu
2152 2003 2434 2060 divino
2479 2004 2970 2071 instinctUS,

721 2092 1072 2166 benigne
1166 2092 1571 2166 suscepit,
1665 2091 2142 2149 efficaciter
2233 2092 2674 2167 conplevit.
2799 2092 2974 2148 Nam

721 2181 992 2255 pastoris
1060 2181 1385 2255 providi
1453 2181 2010 2238 intentionem
2075 2199 2400 2257 gerens,
2471 2185 2536 2238 et
2602 2182 2806 2238 bonae
2875 2182 2974 2237 in-

724 2270 885 2327 dolis
940 2270 1146 2326 virum
1206 2270 1463 2327 nomine
1511 2257 1950 2345 Stephanumh
2004 2270 2272 2327 orbatae
2335 2270 2972 2345 congregationi

722 2376 1027 2433 preesse
1072 2358 1224 2416 fecit
1269 2362 1334 2415 et
1378 2358 1550 2416 hunc
1594 2359 1740 2416 Dei
1800 2359 2198 2416 famulum
2247 2377 2359 2433 per
2416 2361 2638 2433 longas
2700 2359 2972 2434 peregri·
3011 2373 3069 2411 20

721 2448 997 2505 nationis
1043 2448 1178 2529 yrias
1225 2448 1313 2504 ire
1360 2435 1714 2505 volentemi
1761 2448 1844 2505 ad
1889 2449 2026 2505 loca
2073 2449 2499 2505 desiderata
2545 2466 2717 2505 cum
2765 2448 2970 2504 literis

724 2538 1035 2594 dimisit.

935 2619 1042 2698 (7).
1136 2626 1313 2682 Tali
1377 2626 1634 2701 igitur
1696 2626 2286 2683 benedictione
2351 2630 2770 2700 suscepta,
2829 2643 2973 2700 pro-

722 2702 941 2773 ‘tinusk
977 2716 1335 2772 valedicens
1367 2715 1690 2783 fratribus,
1723 2716 1984 2790 profici
2001 2734 2030 2771 s
2047 2716 2159 2772 cit
2175 2734 2218 2771 u
2235 2734 2265 2771 r
2294 2732 2404 2790 per
2434 2716 2622 2790 longa
2652 2719 2972 2771 terrarum

725 2805 935 2879 spacia
982 2821 1285 2880 perque
1330 2805 1579 2879 ignotas
1628 2805 1820 2860 maris
1865 2805 2022 2872 vias,
2058 2805 2257 2861 donec
2288 2805 2563 2861 collecta
2608 2804 2970 2878 undique
3008 2818 3062 2857 25

722 2908 862 2950 non
928 2888 1199 2951 modica
1260 2894 1605 2950 multitudo
1675 2910 2092 2951 servorum
2153 2894 2330 2961 Dei,
2403 2887 2641 2951 eodem
2713 2887 2970 2970 spiritu

723 2977 1163 3052 ferventium,
1227 2983 1323 3038 ad
1394 2999 1565 3038 eum
1627 2984 2101 3039 conveniret.
2217 2969 2383 3037 Hii1
2457 2998 2644 3057 ergo
2713 2998 2968 3039 omnes

726 3071 1231 3127 unanimiter
1290 3088 1400 3145 per
1446 3072 1730 3145 singulos
1779 3071 1912 3128 dies
1960 3072 2195 3127 multas
2248 3075 2610 3128 sanctorum
2667 3071 2967 3146 ecclesias

724 3160 1035 3228 adierunt,
1086 3160 1657 3228 obsecrantes,
1705 3163 1798 3228 ut,
1833 3160 2183 3234 opitulante
2215 3160 2402 3228 Deo,
2451 3161 2654 3217 tutius
2686 3160 2968 3234 Alpium

724 3250 872 3322 iuga
938 3250 1460 3305 transcenderent
1522 3248 2253 3323 Longobardorumquem
2311 3249 2704 3306 ferocitatem
2727 3243 2750 3280 1
2818 3265 2970 3323 erga
3005 3264 3058 3302 ao

725 3354 805 3394 se
869 3338 1262 3395 leniorem
1329 3337 1702 3394 sentirentn.
1806 3337 2091 3412 Cumque
2155 3338 2547 3395 universa
2613 3337 2966 3394 ferocis-

726 3427 975 3483 simae
1021 3428 1294 3501 gentis
1344 3427 1830 3483 discrimina
1874 3427 2113 3483 inlesi
2170 3428 2785 3501 pertransirent
2845 3430 2968 3483 at-

725 3533 871 3590 que
932 3516 1150 3572 limina
1194 3516 1364 3572 beati
1409 3516 1579 3572 Petri
1639 3517 1906 3590 apostoli
1968 3533 2262 3591 prospere
2326 3516 2675 3585 adirent,
2743 3517 2968 3572 statim

725 3604 1049 3662 debitas
1113 3604 1363 3662 Christo
1431 3609 1644 3679 grates
1715 3606 2101 3679 persolvunt,
2171 3603 2488 3680 ibique⁰
2557 3604 2967 3662 abolitionem

729 3694 1164 3768 peccaminum
1210 3698 1456 3768 atque
1515 3694 1852 3751 itineris
1901 3694 2026 3750 sui
2071 3694 2405 3750 felicem
2465 3694 2772 3751 exitum
2832 3694 2967 3749 de·
3005 3706 3056 3747 ³5

938 3896 1042 3935 VII.
1099 3897 1235 3944 Capp.
1264 3896 1305 3934 6.
1331 3897 1371 3936 7.
1430 3898 1469 3936 1.
1500 3898 1680 3936 2a.b.c.

726 3987 771 4033 a)
798 3986 861 4023 ita
891 3987 940 4035 13
971 3982 1224 4025 omnimodo
1254 3985 1382 4023 instr.
1413 3986 1509 4023 rell.
1621 3987 1665 4033 b)
1697 3996 1848 4024 curam
1877 3996 1992 4023 susc.
2025 3987 2064 4024 1.
2176 3986 2216 4033 c)
2246 3985 2309 4022 ita
2329 3986 2375 4033 13
2407 3989 2453 4023 et
2481 3986 2576 4024 rell.
2688 3983 2732 4033 d)
2754 3986 2803 4023 in
2819 3996 2964 4032 mary.

724 4040 868 4087 suppl.
901 4041 940 4077 1.
1042 4044 1082 4085 e)
1113 4036 1287 4077 devotis
1318 4042 1357 4087 1,
1381 4050 1494 4077 corr.
1597 4041 1630 4087 f)
1656 4039 1882 4077 Danielem
1903 4040 1969 4076 211.
1986 4051 2022 4077 c.
2123 4039 2168 4088 g)
2187 4038 2304 4076 idem
2325 4048 2396 4087 ep.
2420 4039 2485 4076 2b.
2588 4039 2634 4085 h)
2656 4038 2900 4087 stepanum
2923 4040 2963 4077 1.

725 4093 759 4137 i)
788 4094 850 4130 ita
879 4094 926 4140 13
957 4093 1209 4141 cupientem
1239 4092 1334 4130 rell.
1437 4092 1485 4139 k)
1512 4103 1726 4139 super-scr.
1757 4094 1796 4131 1.
1900 4094 1930 4140 l)
1960 4094 2022 4130 ita
2051 4094 2090 4132 1.
2117 4095 2182 4130 20.
2199 4093 2256 4138 d;
2283 4092 2341 4129 Hi
2369 4092 2437 4129 2α.
2454 4092 2494 4130 b.
2596 4094 2655 4140 m)
2679 4090 2963 4139 Longabard.

725 4147 795 4195 2a,
824 4157 937 4184 corr.
1050 4147 1095 4194 n)
1126 4147 1188 4183 ita
1217 4147 1264 4194 13
1295 4147 1460 4185 sentire
1489 4152 1768 4184 mererentur
1798 4146 1892 4183 rell.
2005 4148 2046 4194 o)
2077 4147 2116 4185 is
2132 4146 2186 4197 (ἲ)
2216 4146 2337 4194 add„
2365 4146 2440 4183 sed
2467 4156 2580 4184 erae.
2610 4146 2676 4183 2⁶.
3001 4148 3052 4186 40

730 4324 781 4388 1)
819 4321 1237 4375 Humanitatem
1268 4323 1773 4390 Lanyobardorum,
1813 4322 2154 4375 ferocitatem
2190 4323 2439 4390 militum,
2477 4324 2586 4377 scil,
2623 4325 2967 4390 imperatoris

724 4394 1373 4517 Zqzzagttkdgsoeigtlibaldus
1409 4398 1487 4460 (p.
1524 4397 1612 4459 20,
1647 4397 1743 4459 25)
1779 4398 2214 4461 commemoravit,
2269 4397 2420 4445 cuius
2468 4396 2625 4446 verba
2665 4394 2820 4446 Otloh
2857 4411 2968 4447 non
