<?xml version="1.0" encoding="UTF-8"?>
<!DOCTYPE html PUBLIC "-//W3C//DTD XHTML 1.0 Transitional//EN"
    "http://www.w3.org/TR/xhtml1/DTD/xhtml1-transitional.dtd">
<html xmlns="http://www.w3.org/1999/xhtml" xml:lang="en" lang="en">
 <head>
  <title>
</title>
<meta http-equiv="Content-Type" content="text/html;charset=utf-8" />
  <meta name='ocr-system' content='tesseract 3.04.00' />
  <meta name='ocr-capabilities' content='ocr_page ocr_carea ocr_par ocr_line ocrx_word'/>
</head>
<body>
  <div class='ocr_page' id='page_1' title='image "./vitaesanctiboni00mogugoog_0190.png"; bbox 0 0 3167 5192; ppageno 0'>
   <div class='ocr_carea' id='block_1_1' title="bbox 408 471 2464 563">
    <p class='ocr_par' dir='ltr' id='par_1_1' title="bbox 408 471 2464 563">
     <span class='ocr_line' id='line_1_1' title="bbox 408 471 2464 563; baseline 0.004 -15"><span class='ocrx_word' id='word_1_1' title='bbox 408 492 591 548; x_wconf 72' lang='lat' dir='ltr'><strong>vrrA</strong></span> <span class='ocrx_word' id='word_1_2' title='bbox 626 492 947 563; x_wconf 79' lang='lat' dir='ltr'><strong>QUARTA</strong></span> <span class='ocrx_word' id='word_1_3' title='bbox 983 471 1387 550; x_wconf 77' lang='lat' dir='ltr'>BONIFATH</span> <span class='ocrx_word' id='word_1_4' title='bbox 1424 494 1781 549; x_wconf 73' lang='lat' dir='ltr'><strong>AuctroRE</strong></span> <span class='ocrx_word' id='word_1_5' title='bbox 1817 494 2296 556; x_wconf 73' lang='grc' dir='ltr'><strong>1106οΝ11110.</strong></span> <span class='ocrx_word' id='word_1_6' title='bbox 2395 502 2464 555; x_wconf 83' lang='lat'><strong>95</strong></span> 
     </span>
    </p>
   </div>
   <div class='ocr_carea' id='block_1_2' title="bbox 165 676 2462 1206">
    <p class='ocr_par' dir='ltr' id='par_1_2' title="bbox 228 676 2461 1031">
     <span class='ocr_line' id='line_1_2' title="bbox 234 676 2458 764; baseline 0.001 -23"><span class='ocrx_word' id='word_1_7' title='bbox 234 676 445 741; x_wconf 89' lang='lat' dir='ltr'><strong>etiam</strong></span> <span class='ocrx_word' id='word_1_8' title='bbox 492 698 648 742; x_wconf 89' lang='lat' dir='ltr'><strong>eum</strong></span> <span class='ocrx_word' id='word_1_9' title='bbox 695 677 1116 757; x_wconf 89' lang='lat' dir='ltr'><strong>occiderunt,</strong></span> <span class='ocrx_word' id='word_1_10' title='bbox 1164 678 1634 761; x_wconf 84' lang='lat' dir='ltr'><strong>spoliaverunt</strong></span> <span class='ocrx_word' id='word_1_11' title='bbox 1679 679 2020 764; x_wconf 83' lang='lat' dir='ltr'><strong>lignisque</strong></span> <span class='ocrx_word' id='word_1_12' title='bbox 2061 681 2458 759; x_wconf 86' lang='lat' dir='ltr'><strong>obruerunt,</strong></span> 
     </span>
     <span class='ocr_line' id='line_1_3' title="bbox 232 766 2461 852; baseline 0.001 -21"><span class='ocrx_word' id='word_1_13' title='bbox 232 769 304 831; x_wconf 90' lang='lat' dir='ltr'><strong>et</strong></span> <span class='ocrx_word' id='word_1_14' title='bbox 381 766 495 829; x_wconf 90' lang='lat' dir='ltr'><strong>hic</strong></span> <span class='ocrx_word' id='word_1_15' title='bbox 572 766 727 829; x_wconf 83' lang='lat' dir='ltr'><strong>finis</strong></span> <span class='ocrx_word' id='word_1_16' title='bbox 798 766 1045 829; x_wconf 90' lang='lat' dir='ltr'><strong>erroris</strong></span> <span class='ocrx_word' id='word_1_17' title='bbox 1114 767 1259 831; x_wconf 92' lang='lat' dir='ltr'><strong>eius</strong></span> <span class='ocrx_word' id='word_1_18' title='bbox 1330 768 1582 831; x_wconf 87' lang='lat' dir='ltr'><strong>extitit.</strong></span> <span class='ocrx_word' id='word_1_19' title='bbox 1698 769 1794 833; x_wconf 85' lang='lat' dir='ltr'><strong>At</strong></span> <span class='ocrx_word' id='word_1_20' title='bbox 1860 772 2148 833; x_wconf 88' lang='lat' dir='ltr'><strong>truncus</strong></span> <span class='ocrx_word' id='word_1_21' title='bbox 2167 821 2180 846; x_wconf 86' lang='lat'>,</span> <span class='ocrx_word' id='word_1_22' title='bbox 2261 791 2461 852; x_wconf 89' lang='lat' dir='ltr'><strong>quem</strong></span> 
     </span>
     <span class='ocr_line' id='line_1_4' title="bbox 228 848 2460 942; baseline 0.003 -25"><span class='ocrx_word' id='word_1_23' title='bbox 228 854 540 918; x_wconf 89' lang='lat' dir='ltr'><strong>rodendo</strong></span> <span class='ocrx_word' id='word_1_24' title='bbox 587 855 715 919; x_wconf 69' lang='lat' dir='ltr'><strong>dea</strong></span> <span class='ocrx_word' id='word_1_25' title='bbox 754 856 1043 919; x_wconf 87' lang='lat' dir='ltr'><strong>carceris</strong></span> <span class='ocrx_word' id='word_1_26' title='bbox 1088 848 1551 919; x_wconf 75' lang='lat' dir='ltr'><strong>laminab&#39;sua</strong></span> <span class='ocrx_word' id='word_1_27' title='bbox 1582 858 1852 941; x_wconf 87' lang='lat' dir='ltr'><strong>panda¹</strong></span> <span class='ocrx_word' id='word_1_28' title='bbox 1885 859 2396 942; x_wconf 85' lang='lat' dir='ltr'><strong>conspicaverat</strong></span> <span class='ocrx_word' id='word_1_29' title='bbox 2418 860 2460 935; x_wconf 78' lang='lat'><strong>²,</strong></span> 
     </span>
     <span class='ocr_line' id='line_1_5' title="bbox 230 943 2460 1031; baseline 0.002 -25"><span class='ocrx_word' id='word_1_30' title='bbox 230 946 747 1026; x_wconf 68' lang='lat' dir='ltr'>transportatur</span> <span class='ocrx_word' id='word_1_31' title='bbox 805 943 893 1007; x_wconf 93' lang='lat' dir='ltr'><strong>ad</strong></span> <span class='ocrx_word' id='word_1_32' title='bbox 940 944 1373 1027; x_wconf 84' lang='lat' dir='ltr'><strong>Moguntiam</strong></span> <span class='ocrx_word' id='word_1_33' title='bbox 1432 944 1665 1027; x_wconf 85' lang='lat' dir='ltr'><strong>ibique</strong></span> <span class='ocrx_word' id='word_1_34' title='bbox 1727 946 1846 1010; x_wconf 90' lang='lat' dir='ltr'><strong>diu</strong></span> <span class='ocrx_word' id='word_1_35' title='bbox 1906 966 2112 1030; x_wconf 83' lang='lat' dir='ltr'><strong>supra</strong></span> <span class='ocrx_word' id='word_1_36' title='bbox 2170 951 2460 1031; x_wconf 82' lang='lat' dir='ltr'><strong>portam,</strong></span> 
     </span>
    </p>

    <p class='ocr_par' dir='ltr' id='par_1_3' title="bbox 165 1031 2462 1206">
     <span class='ocr_line' id='line_1_6' title="bbox 165 1031 2462 1119; baseline 0.002 -25"><span class='ocrx_word' id='word_1_37' title='bbox 165 1054 197 1094; x_wconf 77' lang='lat'><strong>5</strong></span> <span class='ocrx_word' id='word_1_38' title='bbox 232 1052 410 1115; x_wconf 88' lang='lat' dir='ltr'><strong>quae</strong></span> <span class='ocrx_word' id='word_1_39' title='bbox 469 1031 662 1095; x_wconf 85' lang='lat' dir='ltr'><strong>ducit</strong></span> <span class='ocrx_word' id='word_1_40' title='bbox 720 1032 807 1096; x_wconf 89' lang='lat' dir='ltr'><strong>ad</strong></span> <span class='ocrx_word' id='word_1_41' title='bbox 856 1032 1188 1097; x_wconf 84' lang='lat' dir='ltr'><strong>Sanctum</strong></span> <span class='ocrx_word' id='word_1_42' title='bbox 1232 1033 1581 1097; x_wconf 88' lang='lat' dir='ltr'><strong>Albanum</strong></span> <span class='ocrx_word' id='word_1_43' title='bbox 1604 1034 1645 1112; x_wconf 81' lang='grc'><strong>3,</strong></span> <span class='ocrx_word' id='word_1_44' title='bbox 1703 1056 1825 1119; x_wconf 91' lang='lat' dir='ltr'><strong>pro</strong></span> <span class='ocrx_word' id='word_1_45' title='bbox 1871 1035 2204 1100; x_wconf 88' lang='lat' dir='ltr'><strong>miraculo</strong></span> <span class='ocrx_word' id='word_1_46' title='bbox 2249 1039 2462 1099; x_wconf 91' lang='lat' dir='ltr'><strong>trans-</strong></span> 
     </span>
     <span class='ocr_line' id='line_1_7' title="bbox 232 1120 1801 1206; baseline 0.001 -21"><span class='ocrx_word' id='word_1_47' title='bbox 232 1121 563 1185; x_wconf 87' lang='lat' dir='ltr'><strong>euntibus</strong></span> <span class='ocrx_word' id='word_1_48' title='bbox 608 1124 680 1185; x_wconf 93' lang='lat' dir='ltr'><strong>et</strong></span> <span class='ocrx_word' id='word_1_49' title='bbox 726 1120 1217 1204; x_wconf 74' lang='lat' dir='ltr'><strong>aspicientibus</strong></span> <span class='ocrx_word' id='word_1_50' title='bbox 1264 1142 1630 1206; x_wconf 89' lang='lat' dir='ltr'><strong>suspensus</strong></span> <span class='ocrx_word' id='word_1_51' title='bbox 1679 1127 1801 1189; x_wconf 90' lang='lat' dir='ltr'><strong>est.</strong></span> 
     </span>
    </p>
   </div>
   <div class='ocr_carea' id='block_1_3' title="bbox 229 1277 2463 1455">
    <p class='ocr_par' dir='ltr' id='par_1_4' title="bbox 229 1277 2463 1455">
     <span class='ocr_line' id='line_1_8' title="bbox 230 1277 2463 1368; baseline 0.003 -26"><span class='ocrx_word' id='word_1_52' title='bbox 230 1277 341 1361; x_wconf 85' lang='lat'>(3).</span> <span class='ocrx_word' id='word_1_53' title='bbox 437 1279 844 1359; x_wconf 84' lang='lat' dir='ltr'><strong>Qualiter</strong></span> <span class='ocrx_word' id='word_1_54' title='bbox 901 1282 1259 1347; x_wconf 88' lang='lat' dir='ltr'><strong>domnus</strong></span> <span class='ocrx_word' id='word_1_55' title='bbox 1318 1283 1786 1366; x_wconf 90' lang='lat' dir='ltr'><strong>episcopus</strong></span> <span class='ocrx_word' id='word_1_56' title='bbox 1848 1284 1947 1347; x_wconf 89' lang='lat' dir='ltr'><strong>ob</strong></span> <span class='ocrx_word' id='word_1_57' title='bbox 2009 1285 2463 1368; x_wconf 89' lang='lat' dir='ltr'><strong>penuriam</strong></span> 
     </span>
     <span class='ocr_line' id='line_1_9' title="bbox 229 1368 2460 1455; baseline 0 -20"><span class='ocrx_word' id='word_1_58' title='bbox 229 1369 483 1435; x_wconf 84' lang='lat' dir='ltr'><strong>verbi</strong></span> <span class='ocrx_word' id='word_1_59' title='bbox 546 1368 827 1433; x_wconf 84' lang='lat' dir='ltr'><strong>divini</strong></span> <span class='ocrx_word' id='word_1_60' title='bbox 886 1370 1259 1435; x_wconf 82' lang='lat' dir='ltr'><strong>feminas</strong></span> <span class='ocrx_word' id='word_1_61' title='bbox 1320 1372 1417 1436; x_wconf 91' lang='lat' dir='ltr'><strong>de</strong></span> <span class='ocrx_word' id='word_1_62' title='bbox 1478 1392 1631 1435; x_wconf 87' lang='lat' dir='ltr'><strong>sua</strong></span> <span class='ocrx_word' id='word_1_63' title='bbox 1689 1376 1950 1455; x_wconf 85' lang='lat' dir='ltr'><strong>gente</strong></span> <span class='ocrx_word' id='word_1_64' title='bbox 2013 1374 2460 1438; x_wconf 81' lang='lat' dir='ltr'><strong>invitavit.</strong></span> 
     </span>
    </p>
   </div>
   <div class='ocr_carea' id='block_1_4' title="bbox 136 1476 2464 2893">
    <p class='ocr_par' dir='ltr' id='par_1_5' title="bbox 136 1476 2464 2893">
     <span class='ocr_line' id='line_1_10' title="bbox 448 1476 2452 1570; baseline 0.002 -31"><span class='ocrx_word' id='word_1_65' title='bbox 448 1476 671 1539; x_wconf 82' lang='lat' dir='ltr'><strong>Tanta</strong></span> <span class='ocrx_word' id='word_1_66' title='bbox 717 1478 970 1541; x_wconf 88' lang='lat' dir='ltr'><strong>etenim</strong></span> <span class='ocrx_word' id='word_1_67' title='bbox 1013 1478 1231 1542; x_wconf 85' lang='lat' dir='ltr'><strong>fames</strong></span> <span class='ocrx_word' id='word_1_68' title='bbox 1263 1477 1493 1542; x_wconf 82' lang='lat' dir='ltr'><strong>divine</strong></span> <span class='ocrx_word' id='word_1_69' title='bbox 1524 1479 2014 1570; x_wconf 56' lang='lat' dir='ltr'><strong>predigationis</strong></span> <span class='ocrx_word' id='word_1_70' title='bbox 2045 1480 2452 1546; x_wconf 80' lang='lat' dir='ltr'><strong>orientales⁰</strong></span> 
     </span>
     <span class='ocr_line' id='line_1_11' title="bbox 136 1556 2463 1650; baseline 0.003 -24"><span class='ocrx_word' id='word_1_71' title='bbox 136 1588 195 1626; x_wconf 90' lang='lat'><strong>10</strong></span> <span class='ocrx_word' id='word_1_72' title='bbox 232 1565 617 1639; x_wconf 88' lang='lat' dir='ltr'><strong>obsederat,</strong></span> <span class='ocrx_word' id='word_1_73' title='bbox 672 1560 816 1629; x_wconf 80' lang='lat' dir='ltr'><strong>ita‘l</strong></span> <span class='ocrx_word' id='word_1_74' title='bbox 869 1569 948 1629; x_wconf 90' lang='lat' dir='ltr'><strong>ut</strong></span> <span class='ocrx_word' id='word_1_75' title='bbox 1007 1566 1241 1629; x_wconf 90' lang='lat' dir='ltr'><strong>nullus</strong></span> <span class='ocrx_word' id='word_1_76' title='bbox 1300 1567 1637 1650; x_wconf 89' lang='lat' dir='ltr'><strong>presbiter</strong></span> <span class='ocrx_word' id='word_1_77' title='bbox 1665 1556 1886 1632; x_wconf 48' lang='lat' dir='ltr'><strong>&amp;rans</strong></span> <span class='ocrx_word' id='word_1_78' title='bbox 1944 1569 2202 1633; x_wconf 88' lang='lat' dir='ltr'><strong>flumen</strong></span> <span class='ocrx_word' id='word_1_79' title='bbox 2249 1569 2463 1633; x_wconf 90' lang='lat' dir='ltr'><strong>Wisa-</strong></span> 
     </span>
     <span class='ocr_line' id='line_1_12' title="bbox 230 1649 2462 1743; baseline 0.002 -26"><span class='ocrx_word' id='word_1_80' title='bbox 230 1656 445 1718; x_wconf 77' lang='lat' dir='ltr'><strong>raha⁰</strong></span> <span class='ocrx_word' id='word_1_81' title='bbox 502 1657 682 1719; x_wconf 87' lang='lat' dir='ltr'><strong>esset</strong></span> <span class='ocrx_word' id='word_1_82' title='bbox 726 1655 860 1718; x_wconf 89' lang='lat' dir='ltr'><strong>nisi</strong></span> <span class='ocrx_word' id='word_1_83' title='bbox 905 1675 1084 1718; x_wconf 90' lang='lat' dir='ltr'><strong>unus</strong></span> <span class='ocrx_word' id='word_1_84' title='bbox 1129 1657 1405 1720; x_wconf 88' lang='lat' dir='ltr'><strong>nomine</strong></span> <span class='ocrx_word' id='word_1_85' title='bbox 1439 1649 1775 1719; x_wconf 79' lang='lat' dir='ltr'><strong>Winfritf</strong></span> <span class='ocrx_word' id='word_1_86' title='bbox 1826 1657 1900 1720; x_wconf 93' lang='lat' dir='ltr'><strong>in</strong></span> <span class='ocrx_word' id='word_1_87' title='bbox 1935 1658 2294 1743; x_wconf 78' lang='lat' dir='ltr'><strong>Turingia3</strong></span> <span class='ocrx_word' id='word_1_88' title='bbox 2343 1660 2462 1741; x_wconf 90' lang='lat' dir='ltr'><strong>qui</strong></span> 
     </span>
     <span class='ocr_line' id='line_1_13' title="bbox 233 1738 2464 1832; baseline 0.002 -25"><span class='ocrx_word' id='word_1_89' title='bbox 233 1746 307 1808; x_wconf 89' lang='lat' dir='ltr'><strong>et</strong></span> <span class='ocrx_word' id='word_1_90' title='bbox 366 1744 557 1827; x_wconf 74' lang='lat' dir='ltr'><strong>ipseg</strong></span> <span class='ocrx_word' id='word_1_91' title='bbox 610 1763 693 1807; x_wconf 83' lang='lat' dir='ltr'><strong>ex</strong></span> <span class='ocrx_word' id='word_1_92' title='bbox 751 1746 945 1827; x_wconf 87' lang='lat' dir='ltr'><strong>patre</strong></span> <span class='ocrx_word' id='word_1_93' title='bbox 1004 1747 1404 1828; x_wconf 90' lang='lat' dir='ltr'><strong>nuncupato</strong></span> <span class='ocrx_word' id='word_1_94' title='bbox 1442 1738 1714 1808; x_wconf 64' lang='lat' dir='ltr'><strong>‘Wardh</strong></span> <span class='ocrx_word' id='word_1_95' title='bbox 1768 1749 2102 1829; x_wconf 83' lang='lat' dir='ltr'><strong>cognatus</strong></span> <span class='ocrx_word' id='word_1_96' title='bbox 2161 1747 2464 1832; x_wconf 81' lang='lat' dir='ltr'><strong>episcopi</strong></span> 
     </span>
     <span class='ocr_line' id='line_1_14' title="bbox 232 1828 2462 1918; baseline 0.003 -23"><span class='ocrx_word' id='word_1_97' title='bbox 232 1832 394 1906; x_wconf 67' lang='lat' dir='ltr'><strong>fuit,</strong></span> <span class='ocrx_word' id='word_1_98' title='bbox 462 1852 543 1896; x_wconf 83' lang='lat' dir='ltr'><strong>ex</strong></span> <span class='ocrx_word' id='word_1_99' title='bbox 602 1835 819 1895; x_wconf 90' lang='lat' dir='ltr'><strong>matre</strong></span> <span class='ocrx_word' id='word_1_100' title='bbox 865 1854 1024 1897; x_wconf 87' lang='lat' dir='ltr'><strong>vero</strong></span> <span class='ocrx_word' id='word_1_101' title='bbox 1085 1834 1171 1897; x_wconf 91' lang='lat' dir='ltr'><strong>de</strong></span> <span class='ocrx_word' id='word_1_102' title='bbox 1230 1834 1555 1918; x_wconf 85' lang='lat' dir='ltr'><strong>progenie</strong></span> <span class='ocrx_word' id='word_1_103' title='bbox 1601 1828 2132 1917; x_wconf 78' lang='lat' dir='ltr'><strong>Turingeorumi</strong></span> <span class='ocrx_word' id='word_1_104' title='bbox 2153 1881 2168 1897; x_wconf 89' lang='lat'><strong>.</strong></span> <span class='ocrx_word' id='word_1_105' title='bbox 2261 1836 2462 1901; x_wconf 88' lang='lat' dir='ltr'><strong>Unde</strong></span> 
     </span>
     <span class='ocr_line' id='line_1_15' title="bbox 236 1921 2462 2008; baseline 0.002 -23"><span class='ocrx_word' id='word_1_106' title='bbox 236 1921 551 2004; x_wconf 81' lang='lat' dir='ltr'><strong>contigit,</strong></span> <span class='ocrx_word' id='word_1_107' title='bbox 597 1923 679 1983; x_wconf 91' lang='lat' dir='ltr'><strong>ut</strong></span> <span class='ocrx_word' id='word_1_108' title='bbox 725 1922 1134 1986; x_wconf 87' lang='lat' dir='ltr'><strong>necessitate</strong></span> <span class='ocrx_word' id='word_1_109' title='bbox 1181 1922 1551 2005; x_wconf 85' lang='lat' dir='ltr'><strong>conpulsus</strong></span> <span class='ocrx_word' id='word_1_110' title='bbox 1600 1923 1684 1987; x_wconf 92' lang='lat' dir='ltr'><strong>de</strong></span> <span class='ocrx_word' id='word_1_111' title='bbox 1731 1944 1855 1987; x_wconf 91' lang='lat' dir='ltr'><strong>sua</strong></span> <span class='ocrx_word' id='word_1_112' title='bbox 1906 1925 2258 2008; x_wconf 84' lang='lat' dir='ltr'><strong>provincia</strong></span> <span class='ocrx_word' id='word_1_113' title='bbox 2317 1945 2462 1990; x_wconf 82' lang='lat' dir='ltr'><strong>evo-</strong></span> 
     </span>
     <span class='ocr_line' id='line_1_16' title="bbox 141 2009 2461 2093; baseline 0.003 -23"><span class='ocrx_word' id='word_1_114' title='bbox 141 2032 197 2071; x_wconf 72' lang='grc'><strong>15</strong></span> <span class='ocrx_word' id='word_1_115' title='bbox 235 2013 427 2074; x_wconf 89' lang='lat' dir='ltr'><strong>caret</strong></span> <span class='ocrx_word' id='word_1_116' title='bbox 470 2009 766 2074; x_wconf 82' lang='lat' dir='ltr'><strong>feminas</strong></span> <span class='ocrx_word' id='word_1_117' title='bbox 811 2009 1184 2092; x_wconf 79' lang='lat' dir='ltr'><strong>religiosaS,</strong></span> <span class='ocrx_word' id='word_1_118' title='bbox 1233 2011 1558 2093; x_wconf 87' lang='lat' dir='ltr'><strong>quatinus</strong></span> <span class='ocrx_word' id='word_1_119' title='bbox 1606 2012 1714 2074; x_wconf 92' lang='lat' dir='ltr'><strong>sui</strong></span> <span class='ocrx_word' id='word_1_120' title='bbox 1760 2012 1991 2077; x_wconf 88' lang='grc'><strong>6161161</strong></span> <span class='ocrx_word' id='word_1_121' title='bbox 2023 2017 2094 2077; x_wconf 92' lang='lat' dir='ltr'><strong>et</strong></span> <span class='ocrx_word' id='word_1_122' title='bbox 2124 2013 2461 2078; x_wconf 90' lang='lat' dir='ltr'><strong>nobilium</strong></span> 
     </span>
     <span class='ocr_line' id='line_1_17' title="bbox 236 2098 2463 2185; baseline 0.002 -24"><span class='ocrx_word' id='word_1_123' title='bbox 236 2098 367 2162; x_wconf 87' lang='lat' dir='ltr'><strong>filii</strong></span> <span class='ocrx_word' id='word_1_124' title='bbox 434 2098 521 2163; x_wconf 86' lang='lat' dir='ltr'><strong>ab</strong></span> <span class='ocrx_word' id='word_1_125' title='bbox 602 2099 857 2162; x_wconf 89' lang='lat' dir='ltr'><strong>eisdem</strong></span> <span class='ocrx_word' id='word_1_126' title='bbox 933 2100 1367 2163; x_wconf 72' lang='lat' dir='ltr'><strong>nutrirentur</strong></span> <span class='ocrx_word' id='word_1_127' title='bbox 1442 2103 1512 2163; x_wconf 88' lang='lat' dir='ltr'><strong>et</strong></span> <span class='ocrx_word' id='word_1_128' title='bbox 1591 2100 1904 2165; x_wconf 79' lang='lat' dir='ltr'><strong>caelestis</strong></span> <span class='ocrx_word' id='word_1_129' title='bbox 1974 2102 2463 2185; x_wconf 83' lang='lat' dir='ltr'><strong>predicationis</strong></span> 
     </span>
     <span class='ocr_line' id='line_1_18' title="bbox 236 2187 2461 2273; baseline 0.002 -24"><span class='ocrx_word' id='word_1_130' title='bbox 236 2187 537 2268; x_wconf 82' lang='lat' dir='ltr'><strong>ministri</strong></span> <span class='ocrx_word' id='word_1_131' title='bbox 595 2187 1087 2252; x_wconf 86' lang='lat' dir='ltr'><strong>imbuerentur.</strong></span> <span class='ocrx_word' id='word_1_132' title='bbox 1188 2188 1464 2253; x_wconf 81' lang='lat' dir='ltr'><strong>Teclam</strong></span> <span class='ocrx_word' id='word_1_133' title='bbox 1483 2188 1511 2226; x_wconf 78' lang='lat'>4</span> <span class='ocrx_word' id='word_1_134' title='bbox 1568 2209 1864 2273; x_wconf 86' lang='lat' dir='ltr'><strong>namque</strong></span> <span class='ocrx_word' id='word_1_135' title='bbox 1923 2190 2120 2256; x_wconf 83' lang='lat' dir='ltr'><strong>iuxta</strong></span> <span class='ocrx_word' id='word_1_136' title='bbox 2176 2192 2461 2255; x_wconf 81' lang='lat' dir='ltr'><strong>fluvium</strong></span> 
     </span>
     <span class='ocr_line' id='line_1_19' title="bbox 235 2270 2462 2362; baseline 0.002 -23"><span class='ocrx_word' id='word_1_137' title='bbox 235 2270 476 2341; x_wconf 72' lang='lat' dir='ltr'><strong>Moink</strong></span> <span class='ocrx_word' id='word_1_138' title='bbox 550 2276 947 2355; x_wconf 82' lang='lat' dir='ltr'><strong>collocavit,</strong></span> <span class='ocrx_word' id='word_1_139' title='bbox 1025 2280 1109 2340; x_wconf 91' lang='lat' dir='ltr'><strong>ut</strong></span> <span class='ocrx_word' id='word_1_140' title='bbox 1180 2278 1255 2339; x_wconf 95' lang='lat' dir='ltr'><strong>in</strong></span> <span class='ocrx_word' id='word_1_141' title='bbox 1330 2277 1471 2341; x_wconf 91' lang='lat' dir='ltr'><strong>illis</strong></span> <span class='ocrx_word' id='word_1_142' title='bbox 1539 2277 1708 2343; x_wconf 92' lang='lat' dir='ltr'><strong>locis</strong></span> <span class='ocrx_word' id='word_1_143' title='bbox 1776 2280 1972 2362; x_wconf 84' lang='lat' dir='ltr'><strong>quasi</strong></span> <span class='ocrx_word' id='word_1_144' title='bbox 2038 2280 2322 2345; x_wconf 88' lang='lat' dir='ltr'><strong>lucerna</strong></span> <span class='ocrx_word' id='word_1_145' title='bbox 2387 2280 2462 2343; x_wconf 90' lang='lat' dir='ltr'><strong>in</strong></span> 
     </span>
     <span class='ocr_line' id='line_1_20' title="bbox 239 2361 2461 2451; baseline 0.002 -22"><span class='ocrx_word' id='word_1_146' title='bbox 239 2364 616 2447; x_wconf 83' lang='lat' dir='ltr'><strong>caliginoso</strong></span> <span class='ocrx_word' id='word_1_147' title='bbox 663 2364 929 2429; x_wconf 91' lang='lat' dir='ltr'><strong>luceret</strong></span> <span class='ocrx_word' id='word_1_148' title='bbox 975 2365 1145 2442; x_wconf 80' lang='grc'><strong>1060,</strong></span> <span class='ocrx_word' id='word_1_149' title='bbox 1195 2366 1267 2430; x_wconf 93' lang='lat' dir='ltr'><strong>id</strong></span> <span class='ocrx_word' id='word_1_150' title='bbox 1314 2370 1418 2431; x_wconf 92' lang='lat' dir='ltr'><strong>est</strong></span> <span class='ocrx_word' id='word_1_151' title='bbox 1451 2361 2018 2451; x_wconf 81' lang='lat' dir='ltr'><strong>Ohizzingun¹·⁵;</strong></span> <span class='ocrx_word' id='word_1_152' title='bbox 2067 2370 2188 2433; x_wconf 89' lang='lat' dir='ltr'><strong>ubi</strong></span> <span class='ocrx_word' id='word_1_153' title='bbox 2235 2370 2461 2433; x_wconf 87' lang='lat' dir='ltr'><strong>adhuc</strong></span> 
     </span>
     <span class='ocr_line' id='line_1_21' title="bbox 142 2454 2460 2541; baseline 0.003 -27"><span class='ocrx_word' id='word_1_154' title='bbox 142 2475 200 2514; x_wconf 75' lang='lat'><strong>20</strong></span> <span class='ocrx_word' id='word_1_155' title='bbox 241 2454 475 2517; x_wconf 90' lang='lat' dir='ltr'><strong>domni</strong></span> <span class='ocrx_word' id='word_1_156' title='bbox 522 2455 820 2538; x_wconf 80' lang='lat' dir='ltr'><strong>episcopi</strong></span> <span class='ocrx_word' id='word_1_157' title='bbox 881 2457 961 2517; x_wconf 91' lang='lat' dir='ltr'><strong>ut</strong></span> <span class='ocrx_word' id='word_1_158' title='bbox 1018 2454 1255 2518; x_wconf 77' lang='lat' dir='ltr'><strong>ferunt</strong></span> <span class='ocrx_word' id='word_1_159' title='bbox 1313 2455 1678 2519; x_wconf 75' lang='lat' dir='ltr'><strong>femoralia</strong></span> <span class='ocrx_word' id='word_1_160' title='bbox 1735 2459 1805 2521; x_wconf 91' lang='lat' dir='ltr'><strong>et</strong></span> <span class='ocrx_word' id='word_1_161' title='bbox 1867 2456 2248 2521; x_wconf 84' lang='lat' dir='ltr'><strong>subtalares</strong></span> <span class='ocrx_word' id='word_1_162' title='bbox 2269 2457 2294 2495; x_wconf 82' lang='lat'><strong>⁶</strong></span> <span class='ocrx_word' id='word_1_163' title='bbox 2337 2478 2460 2541; x_wconf 91' lang='lat' dir='ltr'><strong>pro</strong></span> 
     </span>
     <span class='ocr_line' id='line_1_22' title="bbox 238 2542 2461 2629; baseline 0.002 -24"><span class='ocrx_word' id='word_1_164' title='bbox 238 2542 549 2625; x_wconf 90' lang='lat' dir='ltr'><strong>reliquiis</strong></span> <span class='ocrx_word' id='word_1_165' title='bbox 608 2542 971 2607; x_wconf 82' lang='lat' dir='ltr'><strong>habentur.</strong></span> <span class='ocrx_word' id='word_1_166' title='bbox 1076 2542 1363 2607; x_wconf 86' lang='lat' dir='ltr'><strong>Necnon</strong></span> <span class='ocrx_word' id='word_1_167' title='bbox 1424 2548 1493 2607; x_wconf 89' lang='lat' dir='ltr'><strong>et</strong></span> <span class='ocrx_word' id='word_1_168' title='bbox 1552 2544 1890 2608; x_wconf 77' lang='lat' dir='ltr'><strong>Liobamm</strong></span> <span class='ocrx_word' id='word_1_169' title='bbox 1935 2546 2269 2629; x_wconf 83' lang='lat' dir='ltr'><strong>virginem</strong></span> <span class='ocrx_word' id='word_1_170' title='bbox 2294 2546 2316 2583; x_wconf 84' lang='lat'>⁷</span> <span class='ocrx_word' id='word_1_171' title='bbox 2373 2546 2461 2610; x_wconf 89' lang='lat' dir='ltr'><strong>ad</strong></span> 
     </span>
     <span class='ocr_line' id='line_1_23' title="bbox 238 2630 2460 2718; baseline 0.002 -23"><span class='ocrx_word' id='word_1_172' title='bbox 238 2630 738 2696; x_wconf 82' lang='lat' dir='ltr'><strong>Biscofesheim</strong></span> <span class='ocrx_word' id='word_1_173' title='bbox 756 2631 799 2708; x_wconf 80' lang='grc'><strong>8,</strong></span> <span class='ocrx_word' id='word_1_174' title='bbox 871 2635 1265 2697; x_wconf 91' lang='lat' dir='ltr'><strong>constructo</strong></span> <span class='ocrx_word' id='word_1_175' title='bbox 1327 2633 1764 2711; x_wconf 86' lang='lat' dir='ltr'><strong>monasterio,</strong></span> <span class='ocrx_word' id='word_1_176' title='bbox 1827 2635 2220 2713; x_wconf 91' lang='lat' dir='ltr'><strong>constituit;</strong></span> <span class='ocrx_word' id='word_1_177' title='bbox 2287 2653 2460 2718; x_wconf 87' lang='lat' dir='ltr'><strong>quae</strong></span> 
     </span>
     <span class='ocr_line' id='line_1_24' title="bbox 240 2720 2461 2805; baseline 0.001 -22"><span class='ocrx_word' id='word_1_178' title='bbox 240 2720 719 2786; x_wconf 65' lang='grc' dir='ltr'><strong>111111111131161111ιι</strong></span> <span class='ocrx_word' id='word_1_179' title='bbox 771 2720 1110 2805; x_wconf 83' lang='lat' dir='ltr'><strong>virginum</strong></span> <span class='ocrx_word' id='word_1_180' title='bbox 1172 2720 1245 2783; x_wconf 89' lang='lat' dir='ltr'><strong>in</strong></span> <span class='ocrx_word' id='word_1_181' title='bbox 1292 2722 1532 2785; x_wconf 83' lang='lat' dir='ltr'><strong>eodem</strong></span> <span class='ocrx_word' id='word_1_182' title='bbox 1577 2721 1729 2787; x_wconf 86' lang='lat' dir='ltr'><strong>loco</strong></span> <span class='ocrx_word' id='word_1_183' title='bbox 1786 2726 2014 2787; x_wconf 85' lang='lat' dir='ltr'><strong>rectae</strong></span> <span class='ocrx_word' id='word_1_184' title='bbox 2073 2724 2256 2787; x_wconf 81' lang='lat' dir='ltr'><strong>vitae</strong></span> <span class='ocrx_word' id='word_1_185' title='bbox 2316 2744 2461 2787; x_wconf 90' lang='lat' dir='ltr'><strong>nor-</strong></span> 
     </span>
     <span class='ocr_line' id='line_1_25' title="bbox 238 2808 1688 2893; baseline 0.001 -21"><span class='ocrx_word' id='word_1_186' title='bbox 238 2808 499 2872; x_wconf 83' lang='lat' dir='ltr'><strong>mulam</strong></span> <span class='ocrx_word' id='word_1_187' title='bbox 546 2809 853 2873; x_wconf 88' lang='lat' dir='ltr'><strong>docendo</strong></span> <span class='ocrx_word' id='word_1_188' title='bbox 899 2813 969 2873; x_wconf 88' lang='lat' dir='ltr'><strong>et</strong></span> <span class='ocrx_word' id='word_1_189' title='bbox 1015 2810 1304 2873; x_wconf 86' lang='lat' dir='ltr'><strong>vivendo</strong></span> <span class='ocrx_word' id='word_1_190' title='bbox 1350 2809 1628 2893; x_wconf 92' lang='lat' dir='ltr'><strong>prebuit</strong></span> <span class='ocrx_word' id='word_1_191' title='bbox 1646 2810 1688 2873; x_wconf 84' lang='grc'><strong>9.</strong></span> 
     </span>
    </p>
   </div>
   <div class='ocr_carea' id='block_1_5' title="bbox 2481 2269 2724 2371">
    <p class='ocr_par' dir='ltr' id='par_1_6' title="bbox 2481 2269 2724 2371">
     <span class='ocr_line' id='line_1_26' title="bbox 2481 2269 2724 2315; baseline 0.004 -8"><span class='ocrx_word' id='word_1_192' title='bbox 2481 2270 2536 2315; x_wconf 75' lang='lat' dir='ltr'><strong>cs.</strong></span> <span class='ocrx_word' id='word_1_193' title='bbox 2551 2270 2592 2307; x_wconf 82' lang='grc'><strong>2.</strong></span> <span class='ocrx_word' id='word_1_194' title='bbox 2608 2269 2724 2308; x_wconf 72' lang='lat' dir='ltr'><strong>Retr-</strong></span> 
     </span>
     <span class='ocr_line' id='line_1_27' title="bbox 2481 2323 2605 2371; baseline 0 -10"><span class='ocrx_word' id='word_1_195' title='bbox 2481 2325 2522 2371; x_wconf 88' lang='lat'><strong>1,</strong></span> <span class='ocrx_word' id='word_1_196' title='bbox 2540 2323 2605 2362; x_wconf 83' lang='lat'><strong>19.</strong></span> 
     </span>
    </p>
   </div>
   <div class='ocr_carea' id='block_1_6' title="bbox 144 2963 1011 3013">
    <p class='ocr_par' dir='ltr' id='par_1_7' title="bbox 144 2963 1011 3013">
     <span class='ocr_line' id='line_1_28' title="bbox 144 2963 1011 3013; baseline 0 -10"><span class='ocrx_word' id='word_1_197' title='bbox 144 2963 205 3003; x_wconf 77' lang='lat'><strong>25</strong></span> <span class='ocrx_word' id='word_1_198' title='bbox 454 2964 509 3005; x_wconf 85' lang='lat' dir='ltr'><strong>V.</strong></span> <span class='ocrx_word' id='word_1_199' title='bbox 566 2964 700 3013; x_wconf 74' lang='lat' dir='ltr'><strong>Gapp.</strong></span> <span class='ocrx_word' id='word_1_200' title='bbox 730 2964 769 3005; x_wconf 72' lang='lat'><strong>2.</strong></span> <span class='ocrx_word' id='word_1_201' title='bbox 800 2965 839 3006; x_wconf 83' lang='lat'><strong>3.</strong></span> <span class='ocrx_word' id='word_1_202' title='bbox 903 2967 941 3005; x_wconf 84' lang='lat'><strong>1.</strong></span> <span class='ocrx_word' id='word_1_203' title='bbox 970 2965 1011 3003; x_wconf 85' lang='grc'><strong>2.</strong></span> 
     </span>
    </p>
   </div>
   <div class='ocr_carea' id='block_1_7' title="bbox 146 3034 2497 3350">
    <p class='ocr_par' dir='ltr' id='par_1_8' title="bbox 241 3034 2497 3249">
     <span class='ocr_line' id='line_1_29' title="bbox 242 3034 2463 3087; baseline 0.001 -14"><span class='ocrx_word' id='word_1_204' title='bbox 242 3034 285 3085; x_wconf 76' lang='lat' dir='ltr'><strong>a)</strong></span> <span class='ocrx_word' id='word_1_205' title='bbox 314 3036 362 3075; x_wconf 84' lang='lat' dir='ltr'><strong>in</strong></span> <span class='ocrx_word' id='word_1_206' title='bbox 390 3044 570 3074; x_wconf 83' lang='lat' dir='ltr'><strong>carcere</strong></span> <span class='ocrx_word' id='word_1_207' title='bbox 598 3035 807 3075; x_wconf 82' lang='lat' dir='ltr'><strong>dentibus</strong></span> <span class='ocrx_word' id='word_1_208' title='bbox 834 3040 881 3074; x_wconf 83' lang='lat' dir='ltr'><strong>et</strong></span> <span class='ocrx_word' id='word_1_209' title='bbox 907 3036 1084 3084; x_wconf 75' lang='lat' dir='ltr'><strong>ungulis</strong></span> <span class='ocrx_word' id='word_1_210' title='bbox 1110 3036 1377 3085; x_wconf 82' lang='lat' dir='ltr'><strong>laniaverat,</strong></span> <span class='ocrx_word' id='word_1_211' title='bbox 1408 3040 1738 3085; x_wconf 77' lang='lat' dir='ltr'><strong>transportatus</strong></span> <span class='ocrx_word' id='word_1_212' title='bbox 1775 3034 1832 3076; x_wconf 86' lang='lat' dir='ltr'><strong>ad</strong></span> <span class='ocrx_word' id='word_1_213' title='bbox 1861 3038 2140 3087; x_wconf 71' lang='lat' dir='ltr'><strong>Meg-unciam</strong></span> <span class='ocrx_word' id='word_1_214' title='bbox 2176 3039 2367 3077; x_wconf 83' lang='lat' dir='ltr'><strong>habetur</strong></span> <span class='ocrx_word' id='word_1_215' title='bbox 2402 3038 2463 3077; x_wconf 82' lang='lat' dir='ltr'><strong>ibi</strong></span> 
     </span>
     <span class='ocr_line' id='line_1_30' title="bbox 242 3088 2460 3143; baseline 0.001 -17"><span class='ocrx_word' id='word_1_216' title='bbox 242 3088 298 3126; x_wconf 86' lang='lat' dir='ltr'><strong>ad</strong></span> <span class='ocrx_word' id='word_1_217' title='bbox 317 3092 493 3137; x_wconf 82' lang='lat' dir='ltr'><strong>portam</strong></span> <span class='ocrx_word' id='word_1_218' title='bbox 509 3088 562 3129; x_wconf 83' lang='lat' dir='ltr'><strong>F.</strong></span> <span class='ocrx_word' id='word_1_219' title='bbox 662 3089 709 3140; x_wconf 89' lang='lat' dir='ltr'><strong>b)</strong></span> <span class='ocrx_word' id='word_1_220' title='bbox 729 3088 942 3127; x_wconf 85' lang='lat' dir='ltr'><strong>lammina</strong></span> <span class='ocrx_word' id='word_1_221' title='bbox 960 3090 1001 3129; x_wconf 84' lang='grc'><strong>2.</strong></span> <span class='ocrx_word' id='word_1_222' title='bbox 1102 3090 1141 3141; x_wconf 89' lang='grc'><strong>6)</strong></span> <span class='ocrx_word' id='word_1_223' title='bbox 1162 3089 1401 3129; x_wconf 73' lang='lat' dir='ltr'><strong>Germania</strong></span> <span class='ocrx_word' id='word_1_224' title='bbox 1418 3094 1572 3138; x_wconf 80' lang='lat' dir='ltr'><strong>partes</strong></span> <span class='ocrx_word' id='word_1_225' title='bbox 1591 3090 1692 3133; x_wconf 77' lang='lat' dir='ltr'><strong>add.</strong></span> <span class='ocrx_word' id='word_1_226' title='bbox 1709 3091 1763 3130; x_wconf 75' lang='lat' dir='ltr'><strong>F.</strong></span> <span class='ocrx_word' id='word_1_227' title='bbox 1864 3090 1909 3142; x_wconf 88' lang='lat' dir='ltr'><strong>d)</strong></span> <span class='ocrx_word' id='word_1_228' title='bbox 1931 3102 2014 3134; x_wconf 89' lang='lat' dir='ltr'><strong>om.</strong></span> <span class='ocrx_word' id='word_1_229' title='bbox 2033 3092 2071 3135; x_wconf 81' lang='lat'><strong>2.</strong></span> <span class='ocrx_word' id='word_1_230' title='bbox 2165 3092 2207 3143; x_wconf 89' lang='lat' dir='ltr'><strong>e)</strong></span> <span class='ocrx_word' id='word_1_231' title='bbox 2221 3092 2398 3132; x_wconf 82' lang='lat' dir='ltr'><strong>Wisara</strong></span> <span class='ocrx_word' id='word_1_232' title='bbox 2413 3092 2460 3139; x_wconf 80' lang='lat'><strong>23</strong></span> 
     </span>
     <span class='ocr_line' id='line_1_31' title="bbox 241 3141 2464 3194; baseline 0.002 -13"><span class='ocrx_word' id='word_1_233' title='bbox 241 3142 475 3181; x_wconf 76' lang='lat' dir='ltr'><strong>weseram</strong></span> <span class='ocrx_word' id='word_1_234' title='bbox 502 3141 675 3191; x_wconf 76' lang='lat' dir='ltr'><strong>positus</strong></span> <span class='ocrx_word' id='word_1_235' title='bbox 704 3147 801 3181; x_wconf 88' lang='lat' dir='ltr'><strong>erat</strong></span> <span class='ocrx_word' id='word_1_236' title='bbox 828 3142 915 3181; x_wconf 82' lang='lat' dir='ltr'><strong>nisi</strong></span> <span class='ocrx_word' id='word_1_237' title='bbox 940 3142 992 3183; x_wconf 80' lang='lat' dir='ltr'><strong>F.</strong></span> <span class='ocrx_word' id='word_1_238' title='bbox 1115 3144 1149 3190; x_wconf 76' lang='lat' dir='ltr'><strong>t)</strong></span> <span class='ocrx_word' id='word_1_239' title='bbox 1176 3143 1241 3181; x_wconf 84' lang='lat' dir='ltr'><strong>ita</strong></span> <span class='ocrx_word' id='word_1_240' title='bbox 1266 3142 1449 3192; x_wconf 62' lang='lat' dir='ltr'><strong>cerigni,-</strong></span> <span class='ocrx_word' id='word_1_241' title='bbox 1467 3143 1637 3183; x_wconf 76' lang='lat' dir='ltr'><strong>Vinfrit</strong></span> <span class='ocrx_word' id='word_1_242' title='bbox 1656 3145 1704 3194; x_wconf 80' lang='lat'><strong>13</strong></span> <span class='ocrx_word' id='word_1_243' title='bbox 1725 3144 1883 3184; x_wconf 74' lang='lat' dir='ltr'><strong>Wirrit</strong></span> <span class='ocrx_word' id='word_1_244' title='bbox 1901 3144 1950 3193; x_wconf 81' lang='lat'><strong>23</strong></span> <span class='ocrx_word' id='word_1_245' title='bbox 1970 3144 2171 3185; x_wconf 80' lang='lat' dir='ltr'><strong>Winvrit</strong></span> <span class='ocrx_word' id='word_1_246' title='bbox 2188 3146 2236 3183; x_wconf 86' lang='lat' dir='ltr'><strong>in</strong></span> <span class='ocrx_word' id='word_1_247' title='bbox 2253 3144 2395 3184; x_wconf 81' lang='lat' dir='ltr'><strong>Thur.</strong></span> <span class='ocrx_word' id='word_1_248' title='bbox 2414 3146 2464 3186; x_wconf 86' lang='lat' dir='ltr'><strong>F.</strong></span> 
     </span>
     <span class='ocr_line' id='line_1_32' title="bbox 242 3192 2497 3249; baseline 0.002 -16"><span class='ocrx_word' id='word_1_249' title='bbox 242 3192 287 3244; x_wconf 78' lang='lat' dir='ltr'><strong>g)</strong></span> <span class='ocrx_word' id='word_1_250' title='bbox 314 3194 390 3233; x_wconf 87' lang='grc'><strong>1116</strong></span> <span class='ocrx_word' id='word_1_251' title='bbox 419 3196 459 3235; x_wconf 89' lang='grc'><strong>1.</strong></span> <span class='ocrx_word' id='word_1_252' title='bbox 569 3192 618 3245; x_wconf 81' lang='lat' dir='ltr'><strong>h)</strong></span> <span class='ocrx_word' id='word_1_253' title='bbox 644 3196 709 3233; x_wconf 78' lang='lat' dir='ltr'><strong>ita</strong></span> <span class='ocrx_word' id='word_1_254' title='bbox 736 3196 785 3244; x_wconf 79' lang='lat'><strong>23</strong></span> <span class='ocrx_word' id='word_1_255' title='bbox 815 3196 959 3236; x_wconf 85' lang='lat' dir='ltr'><strong>Uuart</strong></span> <span class='ocrx_word' id='word_1_256' title='bbox 988 3198 1009 3235; x_wconf 87' lang='lat'>1</span> <span class='ocrx_word' id='word_1_257' title='bbox 1038 3196 1217 3243; x_wconf 86' lang='lat' dir='ltr'><strong>(Ullart</strong></span> <span class='ocrx_word' id='word_1_258' title='bbox 1244 3196 1346 3243; x_wconf 71' lang='lat' dir='ltr'><strong>leqit</strong></span> <span class='ocrx_word' id='word_1_259' title='bbox 1370 3195 1525 3245; x_wconf 74' lang='lat' dir='ltr'><strong>Jaffe&#39;).</strong></span> <span class='ocrx_word' id='word_1_260' title='bbox 1556 3197 1631 3247; x_wconf 81' lang='lat'><strong>1*;</strong></span> <span class='ocrx_word' id='word_1_261' title='bbox 1659 3197 1818 3238; x_wconf 86' lang='lat' dir='ltr'><strong>Warto</strong></span> <span class='ocrx_word' id='word_1_262' title='bbox 1846 3198 1896 3241; x_wconf 82' lang='lat' dir='ltr'><strong>F.</strong></span> <span class='ocrx_word' id='word_1_263' title='bbox 2013 3198 2045 3249; x_wconf 87' lang='lat' dir='ltr'><strong>i)</strong></span> <span class='ocrx_word' id='word_1_264' title='bbox 2073 3198 2386 3246; x_wconf 77' lang='lat' dir='ltr'><strong>Turingiorum</strong></span> <span class='ocrx_word' id='word_1_265' title='bbox 2413 3198 2462 3248; x_wconf 78' lang='lat'><strong>23</strong></span> <span class='ocrx_word' id='word_1_266' title='bbox 2491 3197 2497 3204; x_wconf 87' lang='lat'>&#39;</span> 
     </span>
    </p>

    <p class='ocr_par' dir='ltr' id='par_1_9' title="bbox 146 3247 2463 3350">
     <span class='ocr_line' id='line_1_33' title="bbox 146 3247 2463 3341; baseline 0 -53"><span class='ocrx_word' id='word_1_267' title='bbox 146 3247 209 3288; x_wconf 72' lang='lat'><strong>30</strong></span> <span class='ocrx_word' id='word_1_268' title='bbox 240 3248 380 3341; x_wconf 53' lang='grc' dir='ltr'>Τὶιῑέικ</span> <span class='ocrx_word' id='word_1_269' title='bbox 406 3248 458 3290; x_wconf 75' lang='lat' dir='ltr'><strong>F.</strong></span> <span class='ocrx_word' id='word_1_270' title='bbox 564 3247 613 3299; x_wconf 84' lang='lat' dir='ltr'><strong>k)</strong></span> <span class='ocrx_word' id='word_1_271' title='bbox 640 3248 822 3299; x_wconf 79' lang='lat' dir='ltr'><strong>Mogum</strong></span> <span class='ocrx_word' id='word_1_272' title='bbox 848 3249 902 3290; x_wconf 79' lang='lat' dir='ltr'><strong>F.</strong></span> <span class='ocrx_word' id='word_1_273' title='bbox 1010 3249 1041 3298; x_wconf 93' lang='lat' dir='ltr'><strong>l)</strong></span> <span class='ocrx_word' id='word_1_274' title='bbox 1068 3249 1319 3296; x_wconf 79' lang='lat' dir='ltr'><strong>Kizzingun</strong></span> <span class='ocrx_word' id='word_1_275' title='bbox 1340 3250 1386 3300; x_wconf 76' lang='lat'><strong>23</strong></span> <span class='ocrx_word' id='word_1_276' title='bbox 1418 3250 1664 3297; x_wconf 79' lang='lat' dir='ltr'><strong>Kizzingen</strong></span> <span class='ocrx_word' id='word_1_277' title='bbox 1681 3250 1732 3293; x_wconf 79' lang='lat' dir='ltr'><strong>F.</strong></span> <span class='ocrx_word' id='word_1_278' title='bbox 1840 3253 1900 3299; x_wconf 90' lang='lat' dir='ltr'><strong>m)</strong></span> <span class='ocrx_word' id='word_1_279' title='bbox 1927 3250 2112 3291; x_wconf 84' lang='lat' dir='ltr'><strong>Liebam</strong></span> <span class='ocrx_word' id='word_1_280' title='bbox 2129 3251 2180 3294; x_wconf 76' lang='lat' dir='ltr'><strong>F.</strong></span> <span class='ocrx_word' id='word_1_281' title='bbox 2287 3250 2334 3301; x_wconf 86' lang='lat' dir='ltr'><strong>n)</strong></span> <span class='ocrx_word' id='word_1_282' title='bbox 2353 3252 2463 3289; x_wconf 89' lang='lat' dir='ltr'><strong>mul-</strong></span> 
     </span>
     <span class='ocr_line' id='line_1_34' title="bbox 241 3301 727 3350; baseline 0.004 -11"><span class='ocrx_word' id='word_1_283' title='bbox 241 3301 327 3343; x_wconf 80' lang='lat' dir='ltr'><strong>titu</strong></span> <span class='ocrx_word' id='word_1_284' title='bbox 358 3302 479 3341; x_wconf 86' lang='lat' dir='ltr'><strong>inem</strong></span> <span class='ocrx_word' id='word_1_285' title='bbox 496 3312 573 3350; x_wconf 76' lang='lat' dir='ltr'><strong>pr.</strong></span> <span class='ocrx_word' id='word_1_286' title='bbox 602 3312 661 3345; x_wconf 83' lang='lat' dir='ltr'><strong>m.</strong></span> <span class='ocrx_word' id='word_1_287' title='bbox 686 3302 727 3341; x_wconf 80' lang='lat'><strong>2.</strong></span> 
     </span>
    </p>
   </div>
   <div class='ocr_carea' id='block_1_8' title="bbox 146 3406 2473 4541">
    <p class='ocr_par' dir='ltr' id='par_1_10' title="bbox 240 3406 2465 3619">
     <span class='ocr_line' id='line_1_35' title="bbox 243 3406 2463 3479; baseline 0.002 -18"><span class='ocrx_word' id='word_1_288' title='bbox 243 3408 299 3473; x_wconf 92' lang='lat'><strong>1)</strong></span> <span class='ocrx_word' id='word_1_289' title='bbox 341 3406 387 3461; x_wconf 91' lang='lat' dir='ltr'><strong>I.</strong></span> <span class='ocrx_word' id='word_1_290' title='bbox 414 3422 453 3461; x_wconf 89' lang='lat' dir='ltr'><strong>e.</strong></span> <span class='ocrx_word' id='word_1_291' title='bbox 492 3407 727 3471; x_wconf 72' lang='lat' dir='ltr'><strong>fortasse</strong></span> <span class='ocrx_word' id='word_1_292' title='bbox 759 3423 857 3460; x_wconf 70' lang='grc' dir='ltr'><strong><em>εἰιο</em></strong></span> <span class='ocrx_word' id='word_1_293' title='bbox 892 3409 1115 3475; x_wconf 81' lang='lat' dir='ltr'><strong>vinculo,</strong></span> <span class='ocrx_word' id='word_1_294' title='bbox 1158 3409 1333 3464; x_wconf 77' lang='lat' dir='ltr'><strong>Germ.</strong></span> <span class='ocrx_word' id='word_1_295' title='bbox 1372 3410 1556 3477; x_wconf 56' lang='grc' dir='ltr'><strong>(μακε),</strong></span> <span class='ocrx_word' id='word_1_296' title='bbox 1583 3408 1778 3465; x_wconf 80' lang='lat' dir='ltr'><strong>‘band’.</strong></span> <span class='ocrx_word' id='word_1_297' title='bbox 1921 3409 1976 3479; x_wconf 85' lang='grc'><strong>2)</strong></span> <span class='ocrx_word' id='word_1_298' title='bbox 2015 3411 2064 3467; x_wconf 95' lang='grc' dir='ltr'><strong>Ι.</strong></span> <span class='ocrx_word' id='word_1_299' title='bbox 2089 3427 2128 3465; x_wconf 88' lang='lat' dir='ltr'><strong>e.</strong></span> <span class='ocrx_word' id='word_1_300' title='bbox 2155 3413 2463 3478; x_wconf 75' lang='lat' dir='ltr'><strong>spieaverat.</strong></span> 
     </span>
     <span class='ocr_line' id='line_1_36' title="bbox 240 3478 2464 3547; baseline 0.002 -19"><span class='ocrx_word' id='word_1_301' title='bbox 240 3478 417 3531; x_wconf 77' lang='lat' dir='ltr'><strong>Pertz.</strong></span> <span class='ocrx_word' id='word_1_302' title='bbox 596 3480 652 3545; x_wconf 87' lang='lat'><strong>3)</strong></span> <span class='ocrx_word' id='word_1_303' title='bbox 706 3478 943 3531; x_wconf 73' lang='lat' dir='ltr'><strong>Ecclesia</strong></span> <span class='ocrx_word' id='word_1_304' title='bbox 978 3480 1034 3533; x_wconf 88' lang='lat' dir='ltr'><strong>S.</strong></span> <span class='ocrx_word' id='word_1_305' title='bbox 1070 3480 1277 3532; x_wconf 79' lang='lat' dir='ltr'><strong>Albani</strong></span> <span class='ocrx_word' id='word_1_306' title='bbox 1308 3480 1630 3547; x_wconf 74' lang='lat' dir='ltr'><strong>Moyuntina</strong></span> <span class='ocrx_word' id='word_1_307' title='bbox 1665 3487 1823 3534; x_wconf 73' lang='lat' dir='ltr'><strong>extra</strong></span> <span class='ocrx_word' id='word_1_308' title='bbox 1857 3498 2040 3535; x_wconf 74' lang='lat' dir='ltr'><strong>muros</strong></span> <span class='ocrx_word' id='word_1_309' title='bbox 2073 3484 2180 3533; x_wconf 74' lang='lat' dir='ltr'><strong>sita</strong></span> <span class='ocrx_word' id='word_1_310' title='bbox 2227 3482 2349 3535; x_wconf 82' lang='lat' dir='ltr'><strong>inde</strong></span> <span class='ocrx_word' id='word_1_311' title='bbox 2398 3484 2464 3533; x_wconf 85' lang='lat' dir='ltr'><strong>ab</strong></span> 
     </span>
     <span class='ocr_line' id='line_1_37' title="bbox 240 3550 2465 3619; baseline 0.005 -21"><span class='ocrx_word' id='word_1_312' title='bbox 240 3564 294 3603; x_wconf 86' lang='lat' dir='ltr'><strong>a.</strong></span> <span class='ocrx_word' id='word_1_313' title='bbox 334 3550 453 3605; x_wconf 80' lang='lat'><strong>756.</strong></span> <span class='ocrx_word' id='word_1_314' title='bbox 503 3550 565 3599; x_wconf 77' lang='lat' dir='ltr'><strong>in</strong></span> <span class='ocrx_word' id='word_1_315' title='bbox 599 3550 803 3601; x_wconf 79' lang='lat' dir='ltr'><strong>chartis</strong></span> <span class='ocrx_word' id='word_1_316' title='bbox 838 3551 1191 3603; x_wconf 63' lang='lat' dir='ltr'><strong>Mens-ibus</strong></span> <span class='ocrx_word' id='word_1_317' title='bbox 1226 3558 1664 3605; x_wconf 83' lang='lat' dir='ltr'><strong>commemoratur</strong></span> <span class='ocrx_word' id='word_1_318' title='bbox 1713 3554 1960 3617; x_wconf 76' lang='lat' dir='ltr'><strong>(Dronke</strong></span> <span class='ocrx_word' id='word_1_319' title='bbox 2004 3569 2064 3619; x_wconf 82' lang='lat' dir='ltr'><strong>p.</strong></span> <span class='ocrx_word' id='word_1_320' title='bbox 2107 3555 2189 3617; x_wconf 83' lang='lat'><strong>12,</strong></span> <span class='ocrx_word' id='word_1_321' title='bbox 2239 3570 2293 3609; x_wconf 79' lang='lat' dir='ltr'><strong>n.</strong></span> <span class='ocrx_word' id='word_1_322' title='bbox 2333 3555 2465 3616; x_wconf 85' lang='lat'><em>18);</em></span> 
     </span>
    </p>

    <p class='ocr_par' dir='ltr' id='par_1_11' title="bbox 146 3622 2468 3977">
     <span class='ocr_line' id='line_1_38' title="bbox 146 3622 2465 3689; baseline 0.003 -18"><span class='ocrx_word' id='word_1_323' title='bbox 146 3636 207 3678; x_wconf 73' lang='lat'><strong>35</strong></span> <span class='ocrx_word' id='word_1_324' title='bbox 242 3636 407 3687; x_wconf 77' lang='lat' dir='ltr'><strong>quam</strong></span> <span class='ocrx_word' id='word_1_325' title='bbox 479 3625 844 3673; x_wconf 70' lang='lat' dir='ltr'><strong>restauratam</strong></span> <span class='ocrx_word' id='word_1_326' title='bbox 896 3622 1183 3687; x_wconf 66' lang='lat' dir='ltr'><strong>Riehulfus</strong></span> <span class='ocrx_word' id='word_1_327' title='bbox 1239 3626 1511 3689; x_wconf 76' lang='lat' dir='ltr'><strong>episeopus</strong></span> <span class='ocrx_word' id='word_1_328' title='bbox 1569 3639 1619 3677; x_wconf 83' lang='lat' dir='ltr'><strong>a.</strong></span> <span class='ocrx_word' id='word_1_329' title='bbox 1675 3626 1798 3679; x_wconf 85' lang='grc'><strong>805.</strong></span> <span class='ocrx_word' id='word_1_330' title='bbox 1857 3625 2115 3675; x_wconf 74' lang='lat' dir='ltr'><strong>dedicavit</strong></span> <span class='ocrx_word' id='word_1_331' title='bbox 2181 3625 2465 3689; x_wconf 65' lang='lat' dir='ltr'><strong>(Bdhmer-</strong></span> 
     </span>
     <span class='ocr_line' id='line_1_39' title="bbox 254 3690 2464 3762; baseline 0.004 -21"><span class='ocrx_word' id='word_1_332' title='bbox 254 3690 389 3743; x_wconf 81' lang='lat' dir='ltr'><strong>Will</strong></span> <span class='ocrx_word' id='word_1_333' title='bbox 422 3692 469 3756; x_wconf 93' lang='lat' dir='ltr'><strong>I,</strong></span> <span class='ocrx_word' id='word_1_334' title='bbox 501 3709 557 3759; x_wconf 84' lang='lat' dir='ltr'><strong>p.</strong></span> <span class='ocrx_word' id='word_1_335' title='bbox 582 3693 671 3757; x_wconf 97' lang='grc'><strong>47,</strong></span> <span class='ocrx_word' id='word_1_336' title='bbox 710 3709 763 3746; x_wconf 76' lang='lat' dir='ltr'><strong>n.</strong></span> <span class='ocrx_word' id='word_1_337' title='bbox 784 3694 884 3752; x_wconf 84' lang='lat'><strong>14,·</strong></span> <span class='ocrx_word' id='word_1_338' title='bbox 919 3693 1048 3747; x_wconf 69' lang='grc' dir='ltr'><strong>ΜΘ.</strong></span> <span class='ocrx_word' id='word_1_339' title='bbox 1074 3692 1263 3746; x_wconf 79' lang='lat' dir='ltr'><strong>Poetae</strong></span> <span class='ocrx_word' id='word_1_340' title='bbox 1298 3694 1347 3759; x_wconf 95' lang='grc' dir='ltr'><strong>Ι,</strong></span> <span class='ocrx_word' id='word_1_341' title='bbox 1370 3696 1521 3761; x_wconf 83' lang='lat'>431).</span> <span class='ocrx_word' id='word_1_342' title='bbox 1599 3694 1680 3759; x_wconf 78' lang='lat' dir='ltr'><strong>Of.</strong></span> <span class='ocrx_word' id='word_1_343' title='bbox 1703 3695 1935 3761; x_wconf 63' lang='lat' dir='ltr'><strong>Wagner</strong></span> <span class='ocrx_word' id='word_1_344' title='bbox 1973 3696 2007 3749; x_wconf 80' lang='lat' dir='ltr'><strong>l.</strong></span> <span class='ocrx_word' id='word_1_345' title='bbox 2035 3695 2069 3749; x_wconf 83' lang='lat' dir='ltr'><strong>l.</strong></span> <span class='ocrx_word' id='word_1_346' title='bbox 2107 3695 2190 3760; x_wconf 92' lang='grc' dir='ltr'><strong>ΙΙ,</strong></span> <span class='ocrx_word' id='word_1_347' title='bbox 2227 3697 2334 3751; x_wconf 87' lang='grc'><strong>334</strong></span> <span class='ocrx_word' id='word_1_348' title='bbox 2355 3712 2464 3762; x_wconf 75' lang='lat' dir='ltr'><strong>sqq.</strong></span> 
     </span>
     <span class='ocr_line' id='line_1_40' title="bbox 241 3761 2468 3833; baseline 0 -16"><span class='ocrx_word' id='word_1_349' title='bbox 241 3761 303 3831; x_wconf 86' lang='grc'><strong>4)</strong></span> <span class='ocrx_word' id='word_1_350' title='bbox 349 3762 531 3815; x_wconf 78' lang='lat' dir='ltr'><strong>Tectae</strong></span> <span class='ocrx_word' id='word_1_351' title='bbox 563 3778 677 3814; x_wconf 80' lang='lat' dir='ltr'><strong>una</strong></span> <span class='ocrx_word' id='word_1_352' title='bbox 712 3778 831 3815; x_wconf 85' lang='lat' dir='ltr'><strong>eum</strong></span> <span class='ocrx_word' id='word_1_353' title='bbox 853 3763 1158 3829; x_wconf 72' lang='lat' dir='ltr'><strong>Leobyytha</strong></span> <span class='ocrx_word' id='word_1_354' title='bbox 1194 3771 1239 3816; x_wconf 85' lang='lat' dir='ltr'><strong>et</strong></span> <span class='ocrx_word' id='word_1_355' title='bbox 1266 3765 1559 3831; x_wconf 76' lang='lat' dir='ltr'><strong>Cynehilda</strong></span> <span class='ocrx_word' id='word_1_356' title='bbox 1597 3766 1874 3833; x_wconf 76' lang='lat' dir='ltr'><strong>epistulam</strong></span> <span class='ocrx_word' id='word_1_357' title='bbox 1911 3768 1980 3821; x_wconf 92' lang='grc'><strong>67</strong></span> <span class='ocrx_word' id='word_1_358' title='bbox 2016 3771 2094 3833; x_wconf 84' lang='lat' dir='ltr'><strong>(p.</strong></span> <span class='ocrx_word' id='word_1_359' title='bbox 2131 3768 2265 3833; x_wconf 82' lang='lat'><em>335)</em></span> <span class='ocrx_word' id='word_1_360' title='bbox 2302 3767 2468 3819; x_wconf 78' lang='lat' dir='ltr'><strong>Boni-</strong></span> 
     </span>
     <span class='ocr_line' id='line_1_41' title="bbox 242 3834 2468 3903; baseline 0.003 -20"><span class='ocrx_word' id='word_1_361' title='bbox 242 3834 419 3897; x_wconf 74' lang='lat' dir='ltr'><strong>fatius</strong></span> <span class='ocrx_word' id='word_1_362' title='bbox 453 3835 612 3887; x_wconf 76' lang='lat' dir='ltr'><strong>misit.</strong></span> <span class='ocrx_word' id='word_1_363' title='bbox 687 3834 961 3899; x_wconf 55' lang='lat' dir='ltr'><strong>liudolfus</strong></span> <span class='ocrx_word' id='word_1_364' title='bbox 991 3835 1199 3887; x_wconf 77' lang='lat' dir='ltr'><strong>Tectam</strong></span> <span class='ocrx_word' id='word_1_365' title='bbox 1234 3837 1555 3903; x_wconf 65' lang='lat' dir='ltr'><strong>discipulam</strong></span> <span class='ocrx_word' id='word_1_366' title='bbox 1593 3842 1640 3887; x_wconf 90' lang='lat' dir='ltr'><strong>et</strong></span> <span class='ocrx_word' id='word_1_367' title='bbox 1675 3840 2119 3903; x_wconf 73' lang='lat' dir='ltr'><strong>consanyuineam</strong></span> <span class='ocrx_word' id='word_1_368' title='bbox 2142 3837 2468 3903; x_wconf 73' lang='lat' dir='ltr'><strong>Leobyythae</strong></span> 
     </span>
     <span class='ocr_line' id='line_1_42' title="bbox 242 3904 2467 3977; baseline 0.003 -22"><span class='ocrx_word' id='word_1_369' title='bbox 242 3904 417 3967; x_wconf 73' lang='lat' dir='ltr'><strong>fuisse</strong></span> <span class='ocrx_word' id='word_1_370' title='bbox 450 3905 681 3956; x_wconf 79' lang='lat' dir='ltr'><strong>tradidit</strong></span> <span class='ocrx_word' id='word_1_371' title='bbox 714 3904 811 3970; x_wconf 89' lang='lat' dir='ltr'><strong>(V.</strong></span> <span class='ocrx_word' id='word_1_372' title='bbox 837 3905 1034 3958; x_wconf 81' lang='lat' dir='ltr'><strong>Leobae</strong></span> <span class='ocrx_word' id='word_1_373' title='bbox 1068 3922 1107 3959; x_wconf 86' lang='lat' dir='ltr'><strong>e.</strong></span> <span class='ocrx_word' id='word_1_374' title='bbox 1138 3911 1184 3961; x_wconf 89' lang='lat'><strong>1.</strong></span> <span class='ocrx_word' id='word_1_375' title='bbox 1214 3910 1297 3970; x_wconf 90' lang='lat'><strong>14,</strong></span> <span class='ocrx_word' id='word_1_376' title='bbox 1338 3908 1431 3961; x_wconf 85' lang='lat' dir='ltr'><strong>SS.</strong></span> <span class='ocrx_word' id='word_1_377' title='bbox 1458 3907 1582 3972; x_wconf 82' lang='lat' dir='ltr'><strong>XV,</strong></span> <span class='ocrx_word' id='word_1_378' title='bbox 1614 3910 1731 3962; x_wconf 88' lang='grc'><strong>122.</strong></span> <span class='ocrx_word' id='word_1_379' title='bbox 1774 3910 1912 3975; x_wconf 76' lang='grc'><strong>128).</strong></span> <span class='ocrx_word' id='word_1_380' title='bbox 2056 3907 2111 3977; x_wconf 83' lang='grc'><strong>5)</strong></span> <span class='ocrx_word' id='word_1_381' title='bbox 2149 3906 2224 3960; x_wconf 79' lang='lat' dir='ltr'><strong>Et</strong></span> <span class='ocrx_word' id='word_1_382' title='bbox 2259 3907 2467 3961; x_wconf 87' lang='lat' dir='ltr'><strong>Ohsno-</strong></span> 
     </span>
    </p>

    <p class='ocr_par' dir='ltr' id='par_1_12' title="bbox 146 3973 2473 4330">
     <span class='ocr_line' id='line_1_43' title="bbox 146 3973 2468 4047; baseline 0 -16"><span class='ocrx_word' id='word_1_383' title='bbox 146 3992 207 4031; x_wconf 75' lang='grc'><strong>40</strong></span> <span class='ocrx_word' id='word_1_384' title='bbox 242 3973 361 4029; x_wconf 79' lang='lat' dir='ltr'><strong>furt</strong></span> <span class='ocrx_word' id='word_1_385' title='bbox 396 3976 547 4027; x_wconf 83' lang='lat' dir='ltr'><strong>addit</strong></span> <span class='ocrx_word' id='word_1_386' title='bbox 574 3974 727 4027; x_wconf 77' lang='lat' dir='ltr'><strong>Otzoh</strong></span> <span class='ocrx_word' id='word_1_387' title='bbox 751 3976 798 4042; x_wconf 94' lang='grc' dir='ltr'><strong>Ι,</strong></span> <span class='ocrx_word' id='word_1_388' title='bbox 825 3979 911 4031; x_wconf 85' lang='grc'><strong>25.</strong></span> <span class='ocrx_word' id='word_1_389' title='bbox 973 3976 1263 4044; x_wconf 70' lang='lat' dir='ltr'><strong>Kitzinyen</strong></span> <span class='ocrx_word' id='word_1_390' title='bbox 1300 3980 1553 4047; x_wconf 78' lang='lat' dir='ltr'><strong>oppidum</strong></span> <span class='ocrx_word' id='word_1_391' title='bbox 1591 3980 1664 4031; x_wconf 80' lang='lat' dir='ltr'><strong>ad</strong></span> <span class='ocrx_word' id='word_1_392' title='bbox 1699 3980 1946 4031; x_wconf 80' lang='lat' dir='ltr'><strong>Moenum</strong></span> <span class='ocrx_word' id='word_1_393' title='bbox 1979 3980 2035 4045; x_wconf 78' lang='lat' dir='ltr'><strong>fl.</strong></span> <span class='ocrx_word' id='word_1_394' title='bbox 2073 3982 2132 4030; x_wconf 86' lang='lat' dir='ltr'><strong>in</strong></span> <span class='ocrx_word' id='word_1_395' title='bbox 2155 3980 2468 4031; x_wconf 75' lang='lat' dir='ltr'><strong>Franoonia</strong></span> 
     </span>
     <span class='ocr_line' id='line_1_44' title="bbox 242 4048 2466 4118; baseline 0.002 -21"><span class='ocrx_word' id='word_1_396' title='bbox 242 4048 504 4110; x_wconf 77' lang='lat' dir='ltr'><strong>inferiore</strong></span> <span class='ocrx_word' id='word_1_397' title='bbox 536 4048 697 4098; x_wconf 78' lang='lat' dir='ltr'><strong>situm</strong></span> <span class='ocrx_word' id='word_1_398' title='bbox 734 4052 821 4102; x_wconf 76' lang='lat' dir='ltr'><strong>est.</strong></span> <span class='ocrx_word' id='word_1_399' title='bbox 884 4048 1096 4100; x_wconf 80' lang='lat' dir='ltr'><strong>Sturmi</strong></span> <span class='ocrx_word' id='word_1_400' title='bbox 1127 4065 1177 4103; x_wconf 89' lang='lat' dir='ltr'><strong>a.</strong></span> <span class='ocrx_word' id='word_1_401' title='bbox 1206 4051 1327 4104; x_wconf 89' lang='grc'><strong>748.</strong></span> <span class='ocrx_word' id='word_1_402' title='bbox 1362 4066 1430 4100; x_wconf 77' lang='lat' dir='ltr'><strong>ex</strong></span> <span class='ocrx_word' id='word_1_403' title='bbox 1456 4050 1623 4101; x_wconf 82' lang='lat' dir='ltr'><strong>Italia</strong></span> <span class='ocrx_word' id='word_1_404' title='bbox 1659 4065 1946 4116; x_wconf 69' lang='lat' dir='ltr'><strong>reyressus,</strong></span> <span class='ocrx_word' id='word_1_405' title='bbox 1971 4052 2248 4118; x_wconf 84' lang='lat' dir='ltr'><strong>correptus</strong></span> <span class='ocrx_word' id='word_1_406' title='bbox 2271 4049 2466 4102; x_wconf 89' lang='lat' dir='ltr'><strong>morbo</strong></span> 
     </span>
     <span class='ocr_line' id='line_1_45' title="bbox 244 4113 2473 4189; baseline 0.001 -21"><span class='ocrx_word' id='word_1_407' title='bbox 244 4113 395 4184; x_wconf 87' lang='lat' dir='ltr'><strong>apud</strong></span> <span class='ocrx_word' id='word_1_408' title='bbox 418 4114 736 4185; x_wconf 84' lang='lat' dir='ltr'><strong>Ohitzzinga</strong></span> <span class='ocrx_word' id='word_1_409' title='bbox 759 4118 1145 4171; x_wconf 84' lang='lat' dir='ltr'><strong>monasterium</strong></span> <span class='ocrx_word' id='word_1_410' title='bbox 1167 4117 1538 4173; x_wconf 77' lang='lat' dir='ltr'><strong>hebdomades</strong></span> <span class='ocrx_word' id='word_1_411' title='bbox 1562 4124 1797 4187; x_wconf 82' lang='lat' dir='ltr'><strong>quatuor</strong></span> <span class='ocrx_word' id='word_1_412' title='bbox 1820 4120 2124 4189; x_wconf 82' lang='lat' dir='ltr'><strong>aegrotavit</strong></span> <span class='ocrx_word' id='word_1_413' title='bbox 2145 4120 2242 4186; x_wconf 82' lang='lat' dir='ltr'><strong>(V.</strong></span> <span class='ocrx_word' id='word_1_414' title='bbox 2261 4120 2473 4172; x_wconf 78' lang='lat' dir='ltr'><strong>Starmi</strong></span> 
     </span>
     <span class='ocr_line' id='line_1_46' title="bbox 247 4188 2470 4261; baseline 0.003 -23"><span class='ocrx_word' id='word_1_415' title='bbox 247 4202 290 4241; x_wconf 87' lang='lat' dir='ltr'><strong>e.</strong></span> <span class='ocrx_word' id='word_1_416' title='bbox 333 4189 418 4253; x_wconf 90' lang='grc'><strong>14,</strong></span> <span class='ocrx_word' id='word_1_417' title='bbox 460 4188 555 4242; x_wconf 85' lang='lat' dir='ltr'><strong>SS.</strong></span> <span class='ocrx_word' id='word_1_418' title='bbox 595 4188 673 4255; x_wconf 89' lang='lat' dir='ltr'><strong>II,</strong></span> <span class='ocrx_word' id='word_1_419' title='bbox 711 4190 855 4256; x_wconf 86' lang='grc'><strong>370).</strong></span> <span class='ocrx_word' id='word_1_420' title='bbox 1018 4191 1072 4256; x_wconf 90' lang='grc'><strong>6)</strong></span> <span class='ocrx_word' id='word_1_421' title='bbox 1117 4191 1419 4243; x_wconf 70' lang='lat' dir='ltr'><strong>calceorum</strong></span> <span class='ocrx_word' id='word_1_422' title='bbox 1452 4206 1637 4257; x_wconf 69' lang='lat' dir='ltr'><strong>yeme-8,</strong></span> <span class='ocrx_word' id='word_1_423' title='bbox 1679 4191 1826 4247; x_wconf 73' lang='lat' dir='ltr'><strong>Gall.</strong></span> <span class='ocrx_word' id='word_1_424' title='bbox 1865 4192 2136 4247; x_wconf 66' lang='lat' dir='ltr'><strong>‘soulim-s&#39;.</strong></span> <span class='ocrx_word' id='word_1_425' title='bbox 2297 4190 2355 4261; x_wconf 92' lang='grc'><strong>7)</strong></span> <span class='ocrx_word' id='word_1_426' title='bbox 2388 4193 2470 4244; x_wconf 92' lang='lat' dir='ltr'><strong>De</strong></span> 
     </span>
     <span class='ocr_line' id='line_1_47' title="bbox 246 4258 2467 4330; baseline 0.003 -20"><span class='ocrx_word' id='word_1_427' title='bbox 246 4258 552 4325; x_wconf 73' lang='lat' dir='ltr'><strong>Leobyytha</strong></span> <span class='ocrx_word' id='word_1_428' title='bbox 587 4262 691 4311; x_wconf 71' lang='lat' dir='ltr'><strong>eive</strong></span> <span class='ocrx_word' id='word_1_429' title='bbox 728 4259 903 4312; x_wconf 84' lang='lat' dir='ltr'><strong>Leoba</strong></span> <span class='ocrx_word' id='word_1_430' title='bbox 938 4262 1005 4325; x_wconf 79' lang='lat' dir='ltr'><strong>ef.</strong></span> <span class='ocrx_word' id='word_1_431' title='bbox 1044 4262 1316 4326; x_wconf 74' lang='lat' dir='ltr'><strong>Bonifatii</strong></span> <span class='ocrx_word' id='word_1_432' title='bbox 1350 4263 1497 4328; x_wconf 75' lang='lat' dir='ltr'><strong>epist.</strong></span> <span class='ocrx_word' id='word_1_433' title='bbox 1536 4264 1622 4316; x_wconf 90' lang='grc'><strong>29.</strong></span> <span class='ocrx_word' id='word_1_434' title='bbox 1662 4264 1747 4317; x_wconf 88' lang='grc'><strong>67.</strong></span> <span class='ocrx_word' id='word_1_435' title='bbox 1786 4265 1870 4318; x_wconf 91' lang='grc'><strong>96.</strong></span> <span class='ocrx_word' id='word_1_436' title='bbox 1910 4265 2013 4318; x_wconf 90' lang='grc'><strong>100</strong></span> <span class='ocrx_word' id='word_1_437' title='bbox 2060 4264 2136 4330; x_wconf 78' lang='lat' dir='ltr'><strong>(p.</strong></span> <span class='ocrx_word' id='word_1_438' title='bbox 2171 4264 2293 4319; x_wconf 88' lang='grc'><strong>280.</strong></span> <span class='ocrx_word' id='word_1_439' title='bbox 2345 4265 2467 4319; x_wconf 85' lang='grc'><strong>335.</strong></span> 
     </span>
    </p>

    <p class='ocr_par' dir='ltr' id='par_1_13' title="bbox 147 4330 2470 4541">
     <span class='ocr_line' id='line_1_48' title="bbox 147 4330 2470 4401; baseline 0.002 -15"><span class='ocrx_word' id='word_1_440' title='bbox 147 4345 209 4387; x_wconf 74' lang='lat'><strong>45</strong></span> <span class='ocrx_word' id='word_1_441' title='bbox 246 4332 369 4385; x_wconf 84' lang='lat'>383.</span> <span class='ocrx_word' id='word_1_442' title='bbox 422 4331 590 4397; x_wconf 83' lang='lat'><em>387),·</em></span> <span class='ocrx_word' id='word_1_443' title='bbox 633 4331 694 4383; x_wconf 88' lang='lat' dir='ltr'><strong>V.</strong></span> <span class='ocrx_word' id='word_1_444' title='bbox 730 4330 933 4383; x_wconf 83' lang='lat' dir='ltr'><strong>Leobae</strong></span> <span class='ocrx_word' id='word_1_445' title='bbox 980 4336 1119 4385; x_wconf 77' lang='lat' dir='ltr'><strong>auct.</strong></span> <span class='ocrx_word' id='word_1_446' title='bbox 1158 4332 1395 4398; x_wconf 73' lang='lat' dir='ltr'><strong>Rudolt&#39;o</strong></span> <span class='ocrx_word' id='word_1_447' title='bbox 1443 4333 1550 4398; x_wconf 82' lang='lat' dir='ltr'><strong>(ed.</strong></span> <span class='ocrx_word' id='word_1_448' title='bbox 1599 4333 1796 4397; x_wconf 82' lang='lat' dir='ltr'><strong>Waitz,</strong></span> <span class='ocrx_word' id='word_1_449' title='bbox 1846 4333 1941 4387; x_wconf 84' lang='lat' dir='ltr'><strong>SS.</strong></span> <span class='ocrx_word' id='word_1_450' title='bbox 1977 4334 2102 4397; x_wconf 85' lang='lat' dir='ltr'><strong>XV,</strong></span> <span class='ocrx_word' id='word_1_451' title='bbox 2142 4336 2470 4401; x_wconf 79' lang='lat'>121—131).</span> 
     </span>
     <span class='ocr_line' id='line_1_49' title="bbox 248 4400 2469 4473; baseline 0.003 -22"><span class='ocrx_word' id='word_1_452' title='bbox 248 4402 305 4467; x_wconf 88' lang='lat'><strong>8)</strong></span> <span class='ocrx_word' id='word_1_453' title='bbox 335 4400 917 4465; x_wconf 52' lang='lat' dir='ltr'><strong>Taspa-bischofsheim</strong></span> <span class='ocrx_word' id='word_1_454' title='bbox 952 4403 1025 4453; x_wconf 85' lang='lat' dir='ltr'><strong>ad</strong></span> <span class='ocrx_word' id='word_1_455' title='bbox 1056 4402 1269 4455; x_wconf 79' lang='lat' dir='ltr'><strong>Tauber</strong></span> <span class='ocrx_word' id='word_1_456' title='bbox 1303 4403 1363 4468; x_wconf 78' lang='lat' dir='ltr'><strong>tl.</strong></span> <span class='ocrx_word' id='word_1_457' title='bbox 1397 4405 1455 4454; x_wconf 83' lang='lat' dir='ltr'><strong>in</strong></span> <span class='ocrx_word' id='word_1_458' title='bbox 1482 4404 1727 4456; x_wconf 83' lang='lat' dir='ltr'><strong>Badenia</strong></span> <span class='ocrx_word' id='word_1_459' title='bbox 1750 4405 2180 4471; x_wconf 76' lang='lat' dir='ltr'><strong>septemtrionali,</strong></span> <span class='ocrx_word' id='word_1_460' title='bbox 2288 4404 2342 4473; x_wconf 87' lang='lat'><strong>9)</strong></span> <span class='ocrx_word' id='word_1_461' title='bbox 2385 4404 2469 4469; x_wconf 77' lang='lat' dir='ltr'><strong>Cf.</strong></span> 
     </span>
     <span class='ocr_line' id='line_1_50' title="bbox 261 4471 1217 4541; baseline 0.007 -20"><span class='ocrx_word' id='word_1_462' title='bbox 261 4471 320 4527; x_wconf 83' lang='lat' dir='ltr'><strong>V.</strong></span> <span class='ocrx_word' id='word_1_463' title='bbox 359 4472 559 4525; x_wconf 81' lang='lat' dir='ltr'><strong>Leobae</strong></span> <span class='ocrx_word' id='word_1_464' title='bbox 600 4490 639 4526; x_wconf 84' lang='lat' dir='ltr'><strong>c.</strong></span> <span class='ocrx_word' id='word_1_465' title='bbox 681 4474 745 4528; x_wconf 92' lang='lat'><strong>11</strong></span> <span class='ocrx_word' id='word_1_466' title='bbox 794 4473 856 4538; x_wconf 85' lang='lat' dir='ltr'><strong>(l.</strong></span> <span class='ocrx_word' id='word_1_467' title='bbox 896 4473 931 4527; x_wconf 84' lang='lat' dir='ltr'><strong>l.</strong></span> <span class='ocrx_word' id='word_1_468' title='bbox 977 4491 1034 4541; x_wconf 84' lang='lat' dir='ltr'><strong>p.</strong></span> <span class='ocrx_word' id='word_1_469' title='bbox 1074 4476 1217 4533; x_wconf 80' lang='lat'><strong>126).</strong></span> 
     </span>
    </p>
   </div>
  </div>
 </body>
</html>
