3167 5192
432 677 666 768 Williblald.

500 742 537 769 ο.
587 761 598 772 .

508 3906 567 3943 ib.
587 3916 625 3943 c.
642 3904 681 3943 2.

688 500 791 555 118
921 496 1168 551 VITAE
1204 496 1609 553 BONIFATII
1643 496 2005 553 AUCTORE
2043 496 2352 552 OTLOHO
2387 496 2622 551 LIBER
2645 495 2692 553 1.

688 704 919 763 quem
986 688 1202 743 forte
1272 686 1594 744 clericum
1661 687 1764 744 vel
1831 687 2090 744 laicum
2157 687 2386 744 verbi
2455 687 2724 743 divini
2791 702 2944 743 no-

688 777 969 834 ticiam
1017 775 1526 832 deferentem
1572 766 1863 833 audii-e
1915 776 2457 850 contigisset,
2519 793 2686 844 mox,
2735 792 2938 851 quan-

687 870 829 922 tum
872 866 1183 922 aetatis
1230 881 1427 921 suae
1473 865 1950 922 teneritudo
1995 864 2327 939 prevaluit,
2388 865 2540 940 quid
2587 865 2708 921 sibi
2753 882 2944 921 suae-

688 971 810 1029 que
878 954 1218 1028 qualitati
1295 954 1587 1010 exinde
1670 954 2250 1027 profectuosum
2331 953 2585 1022 foret,
2655 957 2942 1011 tractare

690 1044 908 1121 cepit.
1004 1040 1289 1117 Cumque
1336 1043 1427 1099 ita
1472 1042 1883 1099 meditatione
1931 1043 2232 1099 diuturna
2285 1060 2451 1099 sese
2511 1043 2593 1099 ad
2653 1059 2944 1117 superna
2985 1058 3018 1099 ο

690 1132 956 1206 erigeret
973 1174 987 1200 ‚
1048 1132 1214 1205 patri
1272 1132 1467 1188 etiam
1526 1148 1560 1188 8
1576 1148 1615 1187 a
1672 1148 1834 1206 quae
1887 1132 2099 1189 animo
2159 1132 2419 1206 gerebat
2480 1131 2784 1188 revelavit
2841 1134 2942 1199 et,

690 1219 805 1278 uta
859 1238 1011 1277 suae
1056 1220 1413 1277 consuleret
1457 1221 1793 1288 voluntati,
1855 1222 2122 1295 rogavit.
2226 1221 2593 1277 Audiens
2654 1224 2847 1277 aute
2867 1238 2942 1275 m

689 1310 892 1367 haec
936 1312 1116 1384 pater
1177 1310 1352 1366 eius
1411 1310 1759 1383 primum
1819 1310 2220 1383 obstupuit,
2283 1309 2580 1366 deinde
2639 1326 2788 1366 eum
2840 1310 2942 1364 in-

691 1416 1013 1473 crepans,
1075 1416 1286 1455 nunc
1347 1399 1556 1466 minis,
1620 1415 1832 1455 nunc
1891 1415 2081 1455 vero
2131 1398 2582 1455 blandimentis
2629 1398 2714 1455 ad
2759 1414 2942 1454 secu·

690 1488 837 1545 laris
906 1474 1169 1544 vitaeb
1248 1504 1464 1544 curam
1533 1485 2004 1562 impellere⁰
2083 1487 2435 1544 studuit.
2556 1488 2669 1543 Ad
2735 1486 2942 1543 haec
2985 1503 3044 1541 ιο

691 1578 972 1644 etiam,
1041 1579 1115 1633 ut
1183 1577 1357 1632 eius
1426 1577 1714 1633 animum
1782 1577 2044 1633 adhuc
2111 1565 2444 1633 tenerumd
2508 1574 2585 1633 a⁰
2643 1576 2943 1649 concepti

690 1666 1077 1740 perfectione
1151 1666 1453 1740 propositi
1528 1665 1609 1722 ia
1625 1666 1822 1722 ciliu
1839 1684 1869 1722 s
1947 1666 2304 1722 declinaret
2323 1709 2336 1734 ,
2429 1665 2630 1739 promi
2647 1682 2678 1721 s
2695 1666 2759 1721 it
2851 1682 2884 1720 s
2903 1682 2940 1720 8

691 1758 876 1829 post
938 1755 1159 1811 vitae
1224 1771 1414 1811 suae
1482 1757 1846 1829 tempora
1913 1772 2060 1811 eum
2130 1741 2249 1811 etf
2314 1754 2784 1829 prediorum
2855 1758 2942 1809 et

694 1844 1045 1901 omnium
1076 1860 1339 1899 rerum
1376 1860 1678 1900 suarum
1708 1843 2007 1900 heredem
2038 1843 2466 1901 facturum.
2546 1843 2942 1899 Preterea

693 1934 1217 2008 protestatus
1294 1935 1451 2000 est,
1540 1932 1912 1989 lubricae
1987 1933 2250 1989 aetati
2325 1930 2936 2006 humanaequeg
2987 1946 3042 1985 15

694 2021 1153 2096 fragilitati
1212 2008 1736 2078 tolerabilioremh
1789 2037 1928 2077 esse
1988 2022 2262 2078 activam
2307 2022 2508 2077 vitam
2552 2038 2746 2096 quam
2793 2037 2943 2076 con-

696 2110 1155 2185 templativam,
1204 2103 1587 2186 meliusque
1637 2124 1782 2168 esse
1827 2105 2012 2168 inter
2041 2105 2418 2167 mediocres
2451 2103 2560 2168 vel
2593 2108 2942 2167 extremos

695 2193 893 2276 regni
941 2192 1256 2256 caelestis
1302 2193 1483 2256 cives
1543 2192 1923 2275 quemlibet
1983 2193 2231 2256 studiis
2290 2192 2721 2256 facilioribus
2782 2212 2943 2256 con·

696 2274 1128 2345 tuberniumi
1175 2301 1521 2363 quaerere,
1571 2302 1777 2364 quam
1825 2302 1948 2365 per
1992 2282 2290 2345 maxima
2328 2285 2399 2345 et
2444 2301 2619 2365 pene
2649 2280 2941 2365 inpossi-

696 2370 867 2435 bilia
912 2370 1357 2454 perfectionis
1406 2371 1782 2434 certamina
1826 2364 2197 2453 inciperek,
2250 2371 2500 2435 deinde
2535 2390 2717 2447 vem,
2769 2370 2944 2433 dum
2983 2390 3042 2429 20

696 2480 777 2525 ea
823 2461 1065 2542 nequit
1096 2479 1509 2542 percurrere,
1557 2460 1632 2522 in
1662 2460 1775 2523 via
1807 2460 2118 2524 deficere.
2210 2464 2332 2523 Sed
2377 2483 2547 2541 puer
2592 2469 2942 2522 sanctus

696 2556 1012 2612 virtute
1074 2555 1355 2611 divina
1398 2555 1527 2611 iam
1572 2556 1820 2630 plenus,
1883 2559 2121 2629 quanto
2180 2556 2436 2629 magis
2497 2571 2670 2611 eum
2731 2558 2944 2629 pater

697 2660 1079 2701 revocare
1126 2644 1222 2700 ad
1268 2644 1682 2701 secularia
1730 2644 2151 2712 studebat,
2185 2646 2366 2701 tanto
2404 2644 2942 2701 constantius

698 2734 775 2789 in
851 2733 1172 2807 inceptis
1249 2733 1694 2807 perdurare
1771 2737 1835 2789 et
1911 2734 2008 2789 ad
2090 2750 2464 2790 sacrarum
2538 2732 2944 2789 noticiam

698 2822 1021 2879 literarum
1096 2823 1574 2897 pertingere
1653 2822 2013 2879 anhelabat.
2137 2821 2358 2878 Unde
2434 2821 2595 2879 miro
2672 2822 2944 2878 divinae
2985 2834 3042 2872 25

700 2910 1187 2985 dispensationis
1234 2912 1463 2968 iudicio
1509 2911 1820 2968 factum
1867 2914 2024 2982 est,
2087 2898 2195 2967 ut1
2254 2914 2481 2985 pater,
2530 2910 2664 2985 qui
2711 2910 2943 2967 solus

700 3002 879 3056 erat
944 2999 1549 3077 inpedimentO,
1612 3001 1955 3074 repentina
2021 3000 2524 3056 infirmitate
2592 3002 2942 3073 correptuS,

698 3088 1046 3163 pristinam
1092 3090 1323 3145 mentis
1372 3090 1796 3163 pertinaciam
1842 3090 2252 3164 deponeret
2299 3105 2730 3163 puerumque
2776 3075 2929 3161 per¹

699 3177 964 3251 legatos
1040 3177 1382 3234 idoneos
1459 3179 1542 3234 ad
1619 3178 2108 3246 monasterium,
2180 3177 2348 3253 quod
2415 3178 2632 3251 prisco
2699 3194 2943 3233 nuncu-

699 3270 887 3341 patur
924 3266 1226 3323 vocabulo
1258 3267 1759 3324 Adescancastre
1793 3268 2204 3341 dirigeret,
2238 3267 2716 3323 commendans
2763 3282 2946 3322 eum
2985 3278 3044 3317 ao

699 3354 1133 3423 Vulfhardom,
1190 3356 1653 3413 venerabili
1713 3357 2079 3413 eiusdem
2139 3356 2507 3412 monasterii
2563 3355 2836 3422 abbati;
2904 3372 2946 3411 a

700 3462 839 3520 quo
907 3444 1227 3519 protinuS‚
1299 3446 1463 3501 sicut
1529 3446 2038 3502 monasticae
2099 3446 2267 3501 vitae
2333 3445 2484 3501 ordo
2552 3444 2944 3517 poscebat,

699 3534 1047 3608 benigne
1080 3534 2068 3609 susceptus-fratribusque
2100 3532 2943 3601 commendatus,uni-

700 3639 937 3679 versa
1012 3622 1445 3697 religionis
1522 3624 1824 3691 munia,
1905 3640 2102 3697 quae
2171 3622 2642 3680 huiusmodi
2709 3624 2944 3678 aetas

702 3711 1110 3786 permisit,
1178 3710 1377 3768 bene
1438 3713 1667 3787 cepit
1725 3713 2186 3787 meliusque
2247 3712 2339 3769 de
2401 3711 2526 3768 die
2584 3712 2666 3767 in
2731 3711 2941 3767 diem
2985 3720 3040 3761 ⁸5

703 3800 1146 3875 conplevit.

918 3878 1023 3965 (2).
1094 3888 1437 3963 Postquam
1470 3906 1661 3947 vero
1708 3890 2075 3964 puericiae
2108 3907 2335 3947 annos
2382 3888 2941 3957 transcendit,

702 3977 783 4033 in
846 3980 1167 4033 tantum
1229 3995 1297 4034 se
1352 3979 1806 4035 venerabilium
1863 3979 2202 4035 institutis
2263 3981 2517 4052 patrum
2571 3980 2649 4034 et
2709 3990 2944 4034 sacrae

918 4180 1022 4221 V11.
1078 4180 1213 4228 Capp-
1244 4182 1284 4219 1.
1314 4180 1354 4221 2.
1414 4183 1451 4221 1.
1483 4181 1551 4219 2a.
1569 4182 1609 4222 b.
1626 4192 1662 4219 c.

702 4286 748 4338 a)
776 4296 987 4334 superscr.
1014 4286 1055 4325 1.
1165 4285 1212 4336 b)
1242 4287 1336 4325 vita
1362 4286 1595 4338 (superscr.
1622 4288 1790 4334 curam)
1820 4287 1861 4335 1,
1890 4298 2003 4326 corr.
2115 4288 2155 4335 c)
2177 4285 2364 4334 implere
2385 4286 2452 4334 2a,
2473 4296 2613 4331 eorr.,·
2639 4284 2869 4333 implelere
2884 4285 2942 4336 (2³)
2979 4288 3038 4326 40

704 4341 766 4389 20,
798 4350 913 4378 corr.
1052 4337 1097 4390 d)
1137 4346 1365 4379 terrenum
1395 4340 1436 4379 1.
1576 4341 1618 4391 8)
1654 4346 1743 4379 ten.
1775 4342 1949 4389 accepti
1977 4351 2092 4379 corr.
2125 4346 2217 4379 ten.
2247 4340 2392 4388 ccepti
2419 4340 2488 4378 za.
2624 4340 2660 4389 1)
2689 4344 2734 4377 et
2761 4348 2845 4376 om.
2876 4339 2940 4376 20.

704 4395 747 4441 g)
777 4394 1063 4442 humanaque
1082 4404 1157 4441 pr.
1177 4404 1234 4431 m.
1258 4396 1296 4431 1.
1320 4394 1388 4432 2α.
1488 4392 1536 4443 h)
1566 4394 1976 4433 convenientiorem
1996 4394 2037 4433 1.
2139 4394 2170 4443 i)
2198 4394 2244 4431 in
2263 4404 2401 4439 mary.
2421 4392 2561 4440 supp&
2581 4391 2621 4430 1.
2719 4392 2768 4439 k)
2786 4392 2944 4429 litteris

704 4447 923 4484 nonnullis
951 4447 996 4483 in
1024 4450 1143 4485 {extu
1171 4447 1322 4494 erasis,
1352 4447 1436 4485 inc.
1469 4448 1511 4485 d.
1543 4458 1652 4485 vero
1683 4448 1728 4485 in
1756 4459 1897 4495 marg.
1928 4448 2071 4495 suppl.
2103 4448 2142 4487 1.
2254 4446 2286 4497 l)
2314 4456 2529 4494 super-scr.
2561 4446 2623 4486 20.
2737 4444 2796 4495 m)
2826 4445 2942 4485 Wlf-

706 4497 848 4538 hardo
878 4499 926 4549 1;
958 4497 1223 4539 Wolfliardo
1252 4500 1347 4540 rell.
