3167 5192
154 1540 212 1578 10

151 1986 209 2025 15

151 2876 208 2916 25

151 3422 206 3463 80

151 3956 206 3995 40

153 4396 213 4435 ὦ.

598 534 786 592 VITA
819 534 1226 592 BONIFATII
1259 534 1622 591 AUCTORE
1659 535 2171 597 WILLIBALDO.
2423 542 2495 596 23

249 720 529 804 eloquia
583 720 1107 785 similitudinem
1169 719 1400 783 omnia
1463 719 1713 804 probat
1773 712 1884 785 eth
1939 721 2123 804 quod
2184 721 2371 786 bonu

251 814 362 873 est
418 812 635 875 tenet.
729 808 1025 873 Sanctus
1081 809 1320 892 itaque
1371 808 1476 871 vir
1532 808 1609 871 in
1654 805 2089 893 Thyringead
2141 811 2339 874 iuxta
2396 811 2491 876 in·

250 898 464 961 situm
477 902 506 934 ⁰
585 898 716 962 sibi
792 898 1196 962 mandatum
1274 896 1638 981 apostolici
1713 899 2061 981 pontificis
2138 904 2491 965 senatores

249 987 550 1069 denique
596 986 818 1072 plebis
876 979 1273 1070 totiusquef
1325 986 1566 1071 populi
1626 987 1969 1071 principes
2016 988 2241 1053 verbis
2302 990 2493 1072 spiri-

248 1075 515 1139 talibus
561 1074 816 1139 affatus
864 1078 970 1140 est
1016 1094 1267 1159 eosque
1327 1075 1416 1139 ad
1461 1095 1696 1140 veram
1756 1076 2131 1159 agnitionis
2177 1078 2358 1141 viam
2418 1081 2490 1143 et

247 1164 776 1249 intellegentiae
867 1164 1139 1229 lucemg
1234 1163 1636 1246 provocavit
1652 1214 1667 1240 ,
1770 1185 1978 1248 quam
2068 1166 2234 1229 olim
2326 1171 2489 1231 ante

248 1246 591 1318 maximeh
641 1253 979 1336 siquidem
1027 1274 1112 1317 ex
1156 1255 1374 1337 parte,
1425 1246 1688 1337 pravis¹
1749 1254 2021 1319 seducti
2068 1255 2486 1333 doctoribus,

249 1342 725 1426 perdiderunt.
819 1342 957 1407 Sed
1010 1346 1082 1407 et
1127 1341 1519 1407 sacerdotes
1565 1362 1645 1405 ac
1709 1342 2143 1425 presbiteros,
2196 1377 2286 1387 ——
2331 1364 2488 1427 quo·

245 1452 405 1495 rum
451 1430 573 1495 alii
616 1424 999 1514 relegiosok
1053 1430 1186 1495 Dei
1233 1450 1305 1495 se
1351 1430 1850 1515 omnipotentis
1899 1426 2131 1497 cultu¹
2190 1433 2489 1498 incolue-

245 1524 416 1583 runt
430 1520 474 1597 ¹,
535 1520 656 1584 alii
715 1520 992 1603 quidem
1065 1519 1497 1585 fornicariam
1556 1520 2010 1585 contaminati
2079 1521 2485 1605 pollutione,

249 1609 696 1674 castimoniae
744 1609 1264 1687 continentiam,
1328 1629 1533 1691 quam
1581 1609 1791 1673 sacris
1837 1610 2212 1675 servientes
2260 1610 2489 1675 altari-

249 1698 382 1762 bus
427 1717 696 1763 servare
742 1698 1152 1773 debuerunt,
1217 1697 1612 1773 amiserant,
1660 1731 1748 1740 —
1796 1698 2223 1763 sermonibus
2286 1720 2488 1764 euan-

247 1786 510 1871 gelicis,
557 1790 894 1870 quantum
957 1786 1208 1871 potuit,
1273 1807 1317 1851 a
1371 1785 1681 1851 malitiae
1742 1788 2087 1871 pravitate
2148 1789 2239 1852 ad
2292 1808 2488 1853 cano·

247 1876 446 1940 nicae
505 1875 1040 1941 -constitutionis
1115 1875 1604 1942 rectitudinen·
1626 1875 1651 1913 ²
1719 1876 2016 1941 correxit
2033 1928 2048 1954 ,
2126 1877 2489 1941 admonuit

247 1968 457 2047 atque
503 1965 872 2029 instruxit⁰
886 2011 901 2026 .

461 2053 555 2117 Et
601 2053 962 2118 Franciam
1010 2053 1280 2131 deinde,
1325 2052 1664 2117 fratribus
1712 2073 1939 2119 secum
1990 2054 2483 2131 comeantibus,

242 2142 594 2225 ingressus
649 2145 756 2207 est
823 2142 1215 2226 statimque,
1287 2142 1569 2207 auditol’
1637 2142 2040 2208 Raedbodiq
2109 2144 2485 2209 Fresonum

243 2230 428 2313 regis
475 2235 694 2296 morte
713 2231 756 2308 ³,
806 2231 1079 2297 albeum
1099 2237 1124 2267 Υ
1173 2231 1452 2313 quidem
1495 2231 1802 2296 fluminis
1821 2231 1865 2307 4,
1914 2252 2166 2315 magno
2212 2233 2486 2316 gavisus

246 2320 522 2403 gaudio,
593 2320 868 2404 navigio
929 2321 1309 2396 ascendit⁸,
1363 2323 1650 2405 optans,
1723 2322 1908 2403 quod
1978 2322 2190 2386 etiam
2250 2321 2485 2387 Fresia

244 2408 602 2493 recipisset
618 2406 638 2445 t
694 2407 976 2475 verbum
1027 2409 1179 2487 Dei,
1228 2411 1300 2473 et
1345 2409 1478 2473 ad¹¹
1529 2409 1833 2473 incultas
1894 2410 2177 2475 caelesti
2222 2411 2483 2494 praedi·

245 2499 518 2563 catione
563 2501 783 2563 terras
845 2499 1178 2582 pervenit.
1273 2498 1559 2581 Iamque
1618 2498 1870 2563 atrocis
1928 2502 2239 2563 cessante
2299 2500 2480 2582 regis

242 2586 646 2651 Raedbodiv
684 2587 1181 2670 persecutione,
1231 2587 1584 2651 doctrinae
1632 2586 1947 2652 caelestis
1994 2587 2258 2652 semina
2288 2587 2481 2650 mini-

245 2676 494 2739 stravit
539 2678 628 2751 et,
661 2674 854 2741 verbi
886 2676 1020 2740 Dei
1062 2676 1250 2741 fame
1287 2675 1591 2761 expulsa,
1639 2675 2068 2741 familicamW
2098 2676 2478 2760 paganicae

243 2764 754 2847 superstitionis
844 2764 1411 2829 multitudinem¹
1494 2769 1861 2829 aeternae?
1943 2765 2478 2849 praedicationis

241 2854 506 2918 reficit²
549 2854 824 2937 pabulo.
904 2853 1212 2936 Cumque
1261 2854 1757 2919 desiderantis⁸
1795 2848 2121 2938 repenteb
2175 2856 2477 2919 mentem

244 2945 665 3026 spontaneus
711 2943 936 3028 operis
982 2946 1382 3026 sequeretur
1427 2942 1720 3007 effectus
1762 2946 1833 3007 et
1860 2943 2095 3007 votiva
2124 2942 2478 3028 praedisti-

242 3034 490 3095 natae⁰
527 3032 880 3096 doctrinae
911 3032 1050 3109 luit,
1086 3032 1364 3096 domino
1392 3031 1539 3096 Deo
1571 3031 2035 3115 dispensante,
2071 3032 2479 3097 claresceret

245 3115 609 3203 Carlique‘1
656 3121 849 3185 ducis
895 3121 1177 3204 gloriosi
1223 3141 1428 3206 super
1473 3120 1807 3186 Fresones
1853 3122 2253 3187 roboratum
2299 3124 2479 3186 esset

461 3328 500 3367 1.
548 3329 652 3377 Gap.
675 3329 716 3369 5.
775 3331 815 3370 1.
846 3328 916 3370 za.
940 3329 979 3371 b.
999 3340 1035 3370 c.
1064 3329 1106 3371 3.
1137 3330 1178 3371 4.

242 3419 286 3465 a)
307 3417 374 3455 ita
392 3418 440 3467 13
460 3417 629 3466 eloquii
646 3418 740 3460 rell.
826 3419 872 3466 b)
893 3429 976 3461 om.
995 3419 1052 3457 2a
1068 3420 1157 3468 (pr.
1176 3422 1269 3468 mo.
1288 3419 1326 3462 b.
1341 3430 1365 3457 c
1384 3430 1481 3457 cum
1500 3419 1625 3467 Vula.
1710 3421 1752 3467 c)
1770 3419 1908 3458 bonus
1925 3418 1996 3467 sa,
2016 3429 2129 3461 corr.
2200 3414 2249 3468 d)
2267 3418 2333 3455 ita
2349 3415 2484 3464 bom,-

241 3470 473 3521 Tyringca
492 3473 528 3512 1.
550 3473 590 3513 8.
611 3471 704 3520 5σῆ
730 3471 988 3521 'rhun-iuges
1005 3472 1066 3515 2⁶.
1082 3473 1128 3521 4;
1157 3473 1384 3521 Turingea.
1399 3472 1484 3520 ba,-
1510 3473 1730 3521 Tun-ingla
1748 3472 1829 3519 2a,·
1857 3472 2058 3521 Dux-iuga
2076 3472 2143 3513 2⁶.
2238 3469 2281 3520 e)
2311 3480 2369 3511 m.
2393 3470 2479 3510 Ins.

241 3524 330 3563 sibi
347 3524 420 3565 80.
441 3524 480 3568 ὃ.
498 3536 534 3565 c.
615 3525 654 3573 f)
679 3535 768 3573 que
787 3536 870 3568 om.
894 3528 934 3574 ις
962 3526 1019 3573 cf.
1042 3538 1094 3575 p.
1116 3526 1184 3574 32,
1198 3526 1249 3566 5:
1267 3525 1465 3566 seniores
1483 3526 1627 3575 plebis
1646 3526 1916 3575 populique
1935 3524 2174 3575 principes.
2250 3522 2299 3573 g)
2326 3523 2425 3579 luce
2442 3525 2483 3571 13

241 3578 344 3617 luce
359 3578 435 3616 4⁰.
509 3576 557 3629 h)
575 3578 642 3616 ita
659 3579 698 3619 1.
719 3577 746 3617 8
763 3579 853 3628 (pr.
870 3582 977 3629 m.),·
993 3580 1187 3619 maxims
1204 3580 1301 3623 rell.
1316 3580 1395 3627 (cs.
1412 3580 1508 3621 cod.
1524 3580 1547 3617 1
1568 3579 1690 3627 epist.
1712 3579 1861 3626 Bonis.
1881 3589 1924 3618 n.
1942 3578 2010 3627 88,
2022 3590 2071 3627 p.
2085 3578 2180 3627 880,
2194 3577 2267 3617 14:
2289 3577 2483 3638 maxime

241 3641 301 3670 ex
321 3629 483 3681 parte).
563 3631 596 3680 i)
623 3642 698 3680 pr.
729 3643 787 3673 m.
816 3642 1028 3681 euporxr.
1062 3635 1103 3677 1.
1196 3631 1248 3685 k)
1279 3633 1343 3671 ita
1371 3635 1415 3683 ις
1445 3632 1646 3681 religiosi
1672 3632 1733 3674 80.
1827 3630 1860 3681 l)
1889 3632 2038 3671 cultu:
2068 3630 2107 3671 8.
2202 3628 2265 3680 m)
2290 3630 2482 3669 fornica-

240 3683 300 3722 rii
320 3695 396 3732 pr.
414 3695 472 3727 m.
489 3683 559 3725 sa.
633 3685 682 3735 n)
700 3686 766 3723 ita
786 3686 832 3735 ις
851 3685 1164 3725 rectitudinem
1182 3686 1276 3727 rell.
1351 3688 1398 3734 o)
1423 3685 1555 3736 ins(tr
1572 3686 1621 3723 in
1638 3682 1851 3734 rae.)uxit
1870 3687 1907 3725 1.
1984 3682 2033 3734 p)
2056 3685 2121 3722 δια
2141 3685 2181 3725 1.
2202 3683 2260 3723 2ο
2277 3684 2370 3733 (pr.
2387 3687 2484 3731 m.).

241 3737 282 3777 b.
305 3748 354 3784 e,-
379 3737 536 3777 audita
553 3738 648 3779 reu.
737 3736 784 3787 q)
811 3738 876 3777 ita
885 3749 960 3788 pr.
982 3750 1039 3781 m.
1058 3739 1106 3789 ⁸3
1124 3736 1332 3779 Redbodi
1349 3740 1412 3782 20.
1427 3740 1469 3780 4.
1489 3738 1562 3779 δα.
1585 3736 1648 3790 ⁶⁸3
1668 3736 1865 3779 Redboti
1880 3738 1959 3785 (m.
1979 3739 2039 3780 al.
2060 3747 2177 3780 corr.
2192 3736 2387 3777 Redboti
2406 3738 2483 3785 2a)

240 3791 314 3833 20.
337 3789 376 3832 b.
396 3790 532 3842 ⁵⁰²·’;
569 3790 794 3831 Reatbodi
812 3794 861 3845 1;
894 3792 1101 3832 Rabbodi
1125 3803 1238 3833 corr.
1267 3790 1476 3833 Radbodi
1503 3793 1573 3844 40,
1610 3796 1650 3830 et
1677 3792 1742 3829 aa
1768 3802 1826 3833 m.
1858 3792 1919 3833 al.
1950 3791 2003 3837 8,·
2037 3791 2095 3840 cr.
2124 3801 2262 3840 supra
2281 3802 2333 3840 p.
2351 3790 2403 3830 16
2416 3801 2479 3840 eq.

241 3846 282 3891 r)
325 3844 391 3883 ita
419 3845 467 3895 13
511 3844 686 3883 alveum
723 3844 817 3886 rell.
959 3844 999 3896 s)
1027 3844 1289 3886 conscendit
1321 3846 1362 3887 4.
1499 3845 1536 3892 t)
1569 3846 1636 3883 ita
1665 3847 1701 3887 1.
1729 3845 1789 3883 2ο
1828 3845 1919 3894 (pr.
1956 3846 2068 3894 m.),·
2108 3844 2353 3893 recepisset
2388 3844 2482 3886 rell.

239 3896 292 3947 ιι)
319 3893 402 3937 aut
430 3900 472 3941 1.
593 3900 642 3946 v)
679 3898 746 3936 ita
771 3898 816 3949 83
863 3896 1069 3938 Redbodi
1094 3900 1159 3942 20.
1183 3900 1224 3942 4.
1254 3899 1326 3941 δα.
1349 3898 1414 3949 0⁸3
1457 3898 1652 3939 Redboti
1678 3900 1760 3945 (m.
1791 3898 1849 3941 al.
1876 3908 1992 3939 corr.
2024 3896 2219 3938 Radboti
2246 3897 2324 3946 sa)
2351 3897 2421 3940 2a.
2443 3897 2482 3941 b,

239 3950 376 4003 50¹⁶&
413 3949 638 3990 Rutbodi
666 3953 714 4001 13
752 3949 957 3991 Rabbodi
985 3962 1100 3993 corr.
1131 3952 1338 3993 Badbodi
1364 3953 1435 3993 40.
1562 3954 1624 4001 w)
1650 3952 1717 3991 ita
1748 3954 1783 3993 1.
1814 3952 1885 3994 20.
1912 3953 1939 3992 8
1966 3954 2055 4001 (pr.
2086 3955 2195 4001 m.),·
2230 3950 2483 3990 famelicam

240 4004 338 4046 rell.
443 4006 494 4052 x)
520 4009 568 4043 et
594 4004 698 4047 add.
723 4004 820 4050 (sed
846 4014 961 4048 eras.
986 4005 1064 4054 θα)
1092 4006 1162 4047 2η.
1184 4007 1224 4047 b.
1254 4007 1295 4047 4.
1398 4008 1446 4055 y)
1473 4006 1576 4055 pab.
1604 4010 1693 4049 aet.
1723 4016 1790 4055 pr.
1817 4006 1900 4046 ref.
1934 4006 1972 4046 1.
2088 4007 2129 4053 z)
2157 4004 2318 4044 refecit
2344 4004 2405 4044 2ο.
2436 4004 2480 4043 4.

241 4058 287 4105 a)
316 4054 624 4097 desiderantes
652 4057 724 4107 sa,
752 4068 868 4101 corr.
957 4059 1004 4107 b)
1032 4060 1218 4107 repente
1247 4062 1286 4103 1.
1377 4060 1419 4108 c)
1447 4057 1720 4109 praedestin.
1748 4059 1814 4101 Σὺ.
1831 4069 1854 4096 c
1880 4062 1919 4097 et
1946 4070 2003 4099 m.
2036 4059 2096 4101 al.
2123 4059 2165 4099 4.
2259 4054 2306 4107 d)
2334 4068 2390 4098 m.
2414 4056 2479 4097 al.

239 4121 354 4153 corr.
383 4109 626 4160 carolique
651 4112 700 4161 ³3
728 4110 976 4161 Ksmlique
1002 4112 1070 4154 2b.
1093 4124 1130 4153 c.

244 4306 299 4377 1)
346 4307 407 4361 V.
445 4308 603 4372 infra
643 4323 704 4373 p.
743 4308 834 4373 31,
855 4309 920 4363 8:
972 4306 1109 4359 ritus
1146 4306 1506 4376 incoluerunt,
1557 4310 1595 4361 ἰ.
1632 4324 1674 4362 e.
1725 4307 2150 4360 observaverunt.
2296 4303 2353 4374 2)
2392 4303 2479 4359 ‘he

240 4376 498 4430 sti-affede
532 4392 592 4430 se
613 4394 687 4429 na
718 4374 825 4431 den
857 4377 1148 4431 sentrecht’
1175 4380 1344 4432 versio
1364 4377 1911 4432 Frxhenhoretmais.
2018 4376 2076 4446 3)
2108 4375 2249 4429 Obiit
2285 4392 2335 4430 a.
2359 4378 2480 4433 719.

240 4449 438 4515 Buqya
467 4449 752 4514 Bonifatio
783 4449 1070 4515 yratulata
1102 4455 1195 4515 eet,
1231 4450 1372 4517 quod
1407 4450 1552 4502 Deus
1589 4451 1887 4502 ‘inimicum
1920 4447 2207 4501 catholicae
2240 4448 2483 4500 ecclesiae

240 4519 597 4573 Bathbodum’
621 4536 806 4573 coram
841 4522 960 4588 ipso
984 4522 1372 4588 prostravisset
1402 4520 1615 4586 (Bom'r.
1640 4534 1718 4587 ep.
1742 4521 1827 4585 15,
1856 4536 1915 4587 p.
1934 4520 2087 4586 264).
2201 4520 2259 4587 4)
2291 4518 2483 4574 Rhem‘.

2374 744 2441 785 m
2456 726 2481 759 ο
2510 711 2567 757 cf.
2588 710 2626 751 1.
2645 708 2789 755 stass,

2582 764 2623 812 5,
2640 763 2707 803 ει.
