3167 5192
333 1080 439 1120 Luc.
459 1079 525 1129 10,
542 1078 608 1117 16.

385 1614 443 1652 a.
463 1615 528 1662 11,
544 1613 611 1652 52.

296 1791 451 1830 Maeci.
468 1791 534 1839 23,
547 1791 613 1829 23.

406 2675 477 2714 Pe.
494 2674 561 2724 ss,
579 2677 617 2714 1.

395 3358 449 3405 cf.
471 3359 507 3399 1.
524 3358 623 3401 Cor.

432 3412 499 3460 12,
516 3412 581 3450 11.

626 517 734 572 114
1052 511 1246 567 VITA
1282 509 1687 567 BONIFATII
1723 509 2083 565 AUCTORE
2121 510 2452 568 OTLOHO.

630 697 934 760 monium
997 695 1480 771 damnationis,
1551 696 1738 777 quod
1799 695 2093 759 scientes
2153 696 2486 760 terminos
2547 695 2876 777 antiquos

631 788 703 850 et
771 788 1167 849 sanctorum
1236 787 1513 867 patrum
1584 786 1866 849 decreta
1933 804 2072 847 non
2150 784 2400 849 debere
2475 784 2875 867 transgredi

630 894 1058 957 summopere
1132 874 1761 956 transgrediuntur,
1841 872 2045 937 obliti
2123 874 2487 938 verborum
2565 872 2873 949 illorum,

630 984 805 1047 quae
877 962 1216 1026 Dominus
1286 962 1375 1026 ad
1453 961 1712 1028 electos
1789 964 2097 1045 pastores
2174 963 2327 1026 vel⁸
2404 963 2720 1026 doctores
2795 962 2876 1024 in

632 1052 995 1136 euangelio
1064 1052 1268 1115 dicit:
1349 1049 1475 1131 Qui
1540 1070 1649 1113 vos
1716 1049 1929 1129 audit,
1999 1071 2096 1115 me
2163 1050 2348 1115 audit
2363 1071 2388 1129 ;
2462 1056 2520 1115 et
2586 1049 2700 1131 qui
2764 1069 2877 1113 vos
2913 1072 2952 1112 ⁶

630 1140 891 1221 spernit,
938 1160 1035 1204 me
1093 1137 1353 1223 spernit.
1445 1139 1689 1222 Neque
1752 1140 1934 1203 enim
1996 1140 2168 1205 haec
2230 1140 2440 1205 verba
2500 1142 2584 1205 de
2647 1159 2876 1223 prece-

632 1230 946 1295 dentium
1014 1232 1404 1313 temporum
1472 1228 1858 1293 rectoribus
1927 1228 2356 1293 solummodo
2427 1229 2617 1293 dicta
2685 1232 2872 1303 sunt,

632 1320 749 1383 sed
799 1319 1008 1383 etiam
1058 1319 1142 1382 de
1188 1318 1348 1394 illis,
1397 1318 1517 1400 qui
1562 1337 1778 1400 usque
1826 1317 1914 1380 ad
1961 1319 2622 1382 consummationem
2655 1317 2879 1381 seculi

634 1408 991 1495 ecclesiam
1039 1409 1350 1471 sanctam
1396 1409 1559 1469 sunt
1614 1408 1892 1484 recturi,
1955 1428 2095 1470 non
2157 1407 2597 1471 destructuri.
2691 1406 2876 1469 Nam

634 1490 760 1562 deb
803 1497 1347 1561 destructoribus
1394 1498 1466 1560 et
1511 1496 1846 1579 perversis
1894 1496 2285 1579 pastoribus
2318 1495 2658 1560 Dominus
2703 1495 2878 1559 alibi
2917 1518 2988 1556 ιο

634 1586 836 1650 dicit:
887 1586 1019 1649 Vae
1063 1583 1234 1648 vobis
1264 1583 1421 1665 leyis
1452 1582 1703 1665 peritia
1737 1582 1850 1664 qui
1879 1583 2114 1647 tulistis
2159 1585 2431 1648 elavem⁰
2471 1582 2772 1649 scientiae
2819 1588 2882 1647 et

632 1673 763 1755 ipsi
807 1694 937 1737 non
980 1672 1298 1737 introistis
1343 1694 1455 1737 nee
1501 1671 1666 1736 alios
1709 1672 1962 1737 intrare
1994 1671 2385 1754 permisistis
2397 1694 2424 1754 ,·
2469 1678 2539 1737 et
2580 1674 2873 1737 iterum:

650 1764 781 1828 Vae
824 1761 1014 1842 vobiS,
1061 1760 1443 1844 ypochritae‚
1504 1759 1617 1842 qai
1675 1760 2002 1826 decimatis
2059 1768 2336 1825 mentam
2391 1767 2450 1827 et
2506 1768 2761 1826 anetum
2820 1766 2884 1825 et

636 1847 981 1917 ciminumd
1056 1856 1115 1915 et
1182 1849 1492 1932 yraviora
1567 1850 1722 1931 leyis
1784 1856 2084 1933 precepta
2149 1850 2527 1932 reliquistis,
2606 1850 2720 1915 hoe
2787 1855 2885 1913 est

635 1940 982 2005 iudicium⁰
993 1990 1012 2021 ‚
1058 1938 1564 2003 misericordiam
1611 1945 1669 2003 et
1711 1940 1942 2020 siden&
1987 1940 2142 2004 haee
2156 1934 2182 1975 f
2237 1939 2511 2020 oportuit
2561 1939 2775 2019 faeere
2821 1944 2884 2002 et
2923 1962 2988 2001 15

635 2029 755 2094 illa
799 2050 931 2093 non
976 2028 1272 2092 omittere.
1365 2029 1597 2092 Multa
1641 2050 1911 2112 quoque
1960 2030 2034 2092 in
2081 2029 2485 2093 Ezechieleg
2535 2030 2882 2113 propheta

638 2119 724 2183 de
771 2118 1168 2181 huiusmodi
1213 2118 1605 2200 pastoribus
1638 2119 1967 2182 dicuntur
1986 2118 2028 2179 ¹.
2101 2118 2256 2195 Sed,
2291 2119 2349 2182 si
2387 2118 2634 2202 placet,
2667 2120 2882 2181 inter-

636 2228 955 2291 rogemus
1002 2207 1277 2271 eosdem
1324 2209 1650 2290 pastores,
1701 2208 2043 2290 quomodo
2086 2207 2307 2271 velint
2354 2228 2478 2271 sua
2530 2208 2878 2280 roborare,

639 2297 698 2359 si
743 2296 1260 2379 precedentium
1307 2297 1583 2378 patrum
1632 2299 1900 2359 statuta
1943 2296 2403 2360 iudicaverint
2451 2288 2876 2369 destruereh,

638 2385 748 2448 vel
810 2386 1149 2467 quomodo
1211 2384 1602 2448 aedificium
1671 2386 2179 2469 superpositum
2251 2389 2434 2449 stare
2503 2385 2745 2477 possit,
2817 2385 2880 2447 si
2921 2407 2988 2445 ρο

638 2475 1097 2537 fundamenta
1143 2473 1289 2537 eius
1340 2478 1503 2537 sunt
1565 2475 1896 2538 eicienda.
2004 2474 2519 2538 Fundamenta¹
2580 2494 2881 2555 namque

640 2557 964 2627 sanctaek
1002 2562 1329 2647 ecclesiae
1379 2563 1581 2645 primi
1629 2565 1859 2646 patres
1906 2563 2120 2640 fuere,
2158 2563 2338 2627 sicut
2371 2564 2704 2646 scriptum
2736 2568 2877 2626 est:

639 2652 1095 2715 Fundamenta
1140 2649 1275 2714 eius
1318 2649 1392 2715 in
1442 2651 1759 2715 montibus
1816 2651 2075 2716 sanetis.
2170 2651 2600 2734 Quicumque
2660 2652 2882 2733 igitur

640 2741 950 2824 lapidum
1020 2741 1602 2824 superpositorum
1673 2741 2132 2805 fundamenta
2189 2740 2365 2804 talia
2433 2740 2625 2823 sequi
2695 2741 2883 2804 dedi-

640 2832 913 2913 gnatur,
963 2830 1047 2894 de
1096 2829 1408 2894 aedificio
1456 2829 1740 2894 caelesti
1777 2823 2241 2894 eliminaturl.
2321 2831 2433 2893 Ad
2464 2831 2634 2893 haec
2669 2830 2880 2893 etiam
2923 2852 2986 2889 25

643 2920 948 2982 dicamus
996 2919 1340 3001 quoddam
1389 2921 1893 3002 argumentum,
1944 2919 2126 3001 quod
2171 2919 2558 2983 universism
2605 2921 2883 2983 constat

640 3010 905 3070 notum.
986 3007 1059 3070 Si
1106 3007 1256 3089 quis
1302 3008 1537 3090 itaque
1581 3008 1863 3072 ditionis
1897 3028 2060 3072 suae
2091 3007 2332 3071 silvam
2368 3008 2878 3091 exstirpandam

641 3117 765 3180 pro
798 3096 1223 3179 agricultura
1255 3097 1678 3179 aggreditur,
1706 3100 2343 3179 quantaecumquen
2370 3096 2872 3179 longitudinis⁰

644 3188 714 3249 et
779 3185 1173 3248 latitudinis
1238 3185 1568 3263 voluerit,
1639 3206 1838 3269 agros
1905 3186 2151 3251 exinde
2217 3186 2492 3249 sibimet
2556 3186 2879 3259 metitur;

643 3274 797 3337 aliis
842 3295 1005 3338 vero
1053 3295 1192 3337 non
1240 3295 1339 3349 ea,
1390 3275 1509 3338 sed
1558 3295 1695 3357 qua
1728 3275 1878 3337 vult
1912 3296 2230 3339 mensura
2263 3275 2580 3358 partitur,
2618 3274 2885 3338 habens
2927 3297 2988 3335 ao

643 3366 1059 3445 potestatem
1105 3362 1498 3446 unicuique,
1548 3368 1756 3447 prout
1816 3363 1986 3442 vult,
2046 3364 2372 3428 dividere.
2482 3362 2657 3427 Cum
2717 3383 2884 3445 ergo

643 3453 774 3515 hoc
821 3452 922 3515 ita
968 3473 1113 3516 esse
1161 3452 1246 3515 ab
1310 3453 1667 3515 omnibus?
1723 3453 1998 3529 sciatur,
2064 3474 2202 3530 cur,
2265 3473 2449 3535 rogo,
2498 3453 2881 3535 ignoratur,

643 3542 827 3623 quod
873 3542 1077 3624 primi
1124 3541 1469 3624 principes
1502 3542 1963 3624 ecclesiarum,
1999 3542 2295 3625 apostoli
2326 3541 2592 3605 scilicet
2623 3561 2883 3605 omnes-

645 3650 795 3711 que,
845 3630 963 3712 qui
1002 3651 1237 3693 eorum
1268 3631 1563 3713 vestigia
1595 3635 1956 3714 sequentes
1990 3632 2359 3713 unicuique
2391 3631 2586 3713 genti
2618 3650 2884 3693 sacram

645 3719 848 3783 fidem
883 3719 1202 3801 primitus
1233 3720 1694 3797 tradiderunt,
1731 3721 2164 3803 exstirpatis‘l
2199 3740 2502 3783 errorum
2533 3720 2880 3783 variorum
2927 3741 2984 3781 35

857 3944 960 3983 Vn.
1018 3945 1139 3984 Prol.
1197 3947 1235 3986 1.
1267 3946 1337 3984 2a.
1360 3946 1399 3984 b.
1422 3957 1457 3983 c.
1478 3945 1507 3992 f
1526 3946 1575 3992 (a
1605 3946 1634 3984 l.
1661 3946 1722 3994 4).

646 4050 687 4097 a)
718 4050 793 4089 vel
821 4048 863 4092 d.
893 4060 1018 4089 versu
1046 4062 1113 4089 ex.
1148 4062 1230 4089 om.
1262 4051 1311 4099 13
1343 4052 1388 4089 in
1417 4052 1622 4091 doctores
1651 4052 1801 4100 incipit
1829 4053 1888 4099 2f.
2020 4052 2065 4102 b)
2094 4064 2177 4091 om.
2208 4054 2276 4094 2a.
2403 4056 2443 4101 c)
2471 4054 2632 4092 clavim
2661 4054 2730 4102 2a,
2763 4064 2879 4092 corr.

647 4102 691 4151 d)
722 4104 947 4142 cuminum
976 4104 1015 4152 1,
1045 4115 1157 4143 corr.
1296 4105 1336 4154 e)
1375 4110 1419 4143 et
1448 4106 1549 4147 add.
1580 4106 1631 4143 20
1659 4116 1753 4142 cum
1779 4106 1901 4153 Vulq.
2039 4105 2074 4155 f)
2111 4108 2205 4145 Hoc
2233 4118 2347 4147 corr.
2378 4107 2470 4145 Hec
2501 4108 2561 4145 2⁶.
2700 4110 2744 4154 g)
2777 4108 2884 4145 Hie-

645 4156 874 4196 zechihele
905 4158 973 4196 212.
1138 4158 1184 4207 h)
1222 4158 1285 4195 ita
1314 4158 1361 4208 13
1395 4160 1487 4197 iud.
1518 4170 1617 4197 esse
1646 4156 1921 4197 destruenda
1948 4160 2043 4198 rell.
2208 4160 2239 4209 i)
2280 4171 2394 4199 corr.
2425 4160 2785 4199 Fundamentum
2814 4161 2879 4199 Qb.

645 4210 693 4261 k)
732 4220 858 4248 versu
884 4222 953 4249 ex.
980 4214 1134 4258 postea
1161 4213 1304 4259 suppl.
1336 4213 1403 4250 2α.
1567 4213 1600 4262 1)
1639 4213 1942 4251 eliminabitur
1971 4214 2010 4259 1,
2042 4224 2187 4260 corr„-
2223 4214 2419 4252 eleimin.
2449 4224 2565 4252 corr.
2597 4214 2780 4255 eliimin.
2810 4215 2880 4251 2a.
2923 4213 2980 4251 40

646 4266 704 4313 m)
744 4264 805 4301 ita
834 4264 881 4313 13
920 4264 1126 4303 omnibus
1155 4265 1251 4303 rell.
1414 4266 1460 4311 n)
1500 4270 1858 4313 quantacumque
1898 4267 1935 4315 1,
1974 4278 2086 4309 corr.
2247 4270 2288 4315 o)
2327 4268 2404 4305 lat.
2438 4273 2483 4306 et
2511 4268 2629 4315 long.
2667 4268 2733 4316 2b,
2763 4279 2881 4306 corr.

646 4318 691 4365 p)
722 4318 974 4356 hominibus
1002 4318 1041 4357 1.
1152 4320 1196 4365 q)
1228 4318 1505 4366 extimantes
1536 4320 1599 4367 20,
1632 4330 1748 4356 corr.

651 4494 702 4561 1)
750 4494 833 4558 C'f.
882 4494 1068 4549 Ezech.
1118 4510 1159 4550 e.
1197 4498 1282 4550 34.
