<?xml version="1.0" encoding="UTF-8"?>
<!DOCTYPE html PUBLIC "-//W3C//DTD XHTML 1.0 Transitional//EN"
    "http://www.w3.org/TR/xhtml1/DTD/xhtml1-transitional.dtd">
<html xmlns="http://www.w3.org/1999/xhtml" xml:lang="en" lang="en">
 <head>
  <title>
</title>
<meta http-equiv="Content-Type" content="text/html;charset=utf-8" />
  <meta name='ocr-system' content='tesseract 3.04.00' />
  <meta name='ocr-capabilities' content='ocr_page ocr_carea ocr_par ocr_line ocrx_word'/>
</head>
<body>
  <div class='ocr_page' id='page_1' title='image "./vitaesanctiboni00mogugoog_0092.png"; bbox 0 0 3167 5192; ppageno 0'>
   <div class='ocr_carea' id='block_1_1' title="bbox 1053 537 2532 594">
    <p class='ocr_par' dir='ltr' id='par_1_1' title="bbox 1053 537 2532 594">
     <span class='ocr_line' id='line_1_1' title="bbox 1053 537 2532 594; baseline 0.001 -2"><span class='ocrx_word' id='word_1_1' title='bbox 1053 537 1511 594; x_wconf 83' lang='lat' dir='ltr'>PRAEFATIO.</span> <span class='ocrx_word' id='word_1_2' title='bbox 2134 538 2409 594; x_wconf 85' lang='lat' dir='ltr'>LXXXV</span> <span class='ocrx_word' id='word_1_3' title='bbox 2522 547 2532 557; x_wconf 84' lang='lat'>‘</span> 
     </span>
    </p>
   </div>
   <div class='ocr_carea' id='block_1_2' title="bbox 39 689 2409 804">
    <p class='ocr_par' dir='ltr' id='par_1_2' title="bbox 39 689 2409 804">
     <span class='ocr_line' id='line_1_2' title="bbox 39 689 2409 804; baseline -0 -20"><span class='ocrx_word' id='word_1_4' title='bbox 39 689 42 792; x_wconf 56' lang='grc' dir='ltr'><em>ἶ</em></span> <span class='ocrx_word' id='word_1_5' title='bbox 150 726 353 784; x_wconf 87' lang='lat' dir='ltr'><strong><em>totam</em></strong></span> <span class='ocrx_word' id='word_1_6' title='bbox 398 720 767 803; x_wconf 79' lang='lat' dir='ltr'><strong><em>Leqendam</em></strong></span> <span class='ocrx_word' id='word_1_7' title='bbox 818 719 1020 785; x_wconf 78' lang='lat' dir='ltr'><strong><em>edidit</em></strong></span> <span class='ocrx_word' id='word_1_8' title='bbox 1062 720 1123 786; x_wconf 99' lang='lat' dir='ltr'><strong><em>J</em></strong></span> <span class='ocrx_word' id='word_1_9' title='bbox 1118 720 1215 785; x_wconf 80' lang='lat' dir='ltr'><strong><em>oh.</em></strong></span> <span class='ocrx_word' id='word_1_10' title='bbox 1262 721 1508 787; x_wconf 80' lang='lat' dir='ltr'><strong><em>Burch.</em></strong></span> <span class='ocrx_word' id='word_1_11' title='bbox 1556 722 1651 786; x_wconf 85' lang='lat' dir='ltr'><em>M</em></span> <span class='ocrx_word' id='word_1_12' title='bbox 1660 743 1750 786; x_wconf 90' lang='lat' dir='ltr'><strong><em>en</em></strong></span> <span class='ocrx_word' id='word_1_13' title='bbox 1766 743 1798 786; x_wconf 93' lang='lat' dir='ltr'><strong><em>c</em></strong></span> <span class='ocrx_word' id='word_1_14' title='bbox 1812 722 1852 786; x_wconf 75' lang='lat' dir='ltr'><em>k</em></span> <span class='ocrx_word' id='word_1_15' title='bbox 1866 743 1958 786; x_wconf 91' lang='lat' dir='ltr'><strong><em>en</em></strong></span> <span class='ocrx_word' id='word_1_16' title='bbox 1974 721 2056 786; x_wconf 89' lang='lat' dir='ltr'><strong><em>iu</em></strong></span> <span class='ocrx_word' id='word_1_17' title='bbox 2071 742 2135 802; x_wconf 91' lang='lat' dir='ltr'><strong><em>s,</em></strong></span> <span class='ocrx_word' id='word_1_18' title='bbox 2201 721 2409 804; x_wconf 82' lang='lat' dir='ltr'><strong><em>Scrip-</em></strong></span> 
     </span>
    </p>
   </div>
   <div class='ocr_carea' id='block_1_3' title="bbox 39 808 2406 958">
    <p class='ocr_par' dir='ltr' id='par_1_3' title="bbox 39 807 2406 958">
     <span class='ocr_line' id='line_1_3' title="bbox 39 808 2406 893; baseline 0.001 -21"><span class='ocrx_word' id='word_1_19' title='bbox 39 839 42 866; x_wconf 87' lang='grc' dir='ltr'>ι</span> <span class='ocrx_word' id='word_1_20' title='bbox 150 816 323 874; x_wconf 85' lang='lat' dir='ltr'><strong><em>tores</em></strong></span> <span class='ocrx_word' id='word_1_21' title='bbox 369 829 587 874; x_wconf 89' lang='lat' dir='ltr'><strong><em>rerum</em></strong></span> <span class='ocrx_word' id='word_1_22' title='bbox 628 808 1164 875; x_wconf 76' lang='lat' dir='ltr'><strong><em>Germanicarum</em></strong></span> <span class='ocrx_word' id='word_1_23' title='bbox 1195 810 1255 892; x_wconf 86' lang='lat' dir='ltr'><strong><em>I,</em></strong></span> <span class='ocrx_word' id='word_1_24' title='bbox 1300 810 1567 893; x_wconf 76' lang='lat' dir='ltr'><strong><em>Lipsiae</em></strong></span> <span class='ocrx_word' id='word_1_25' title='bbox 1606 816 1794 892; x_wconf 85' lang='lat'><strong><em>1728,</em></strong></span> <span class='ocrx_word' id='word_1_26' title='bbox 1845 811 1957 876; x_wconf 82' lang='lat' dir='ltr'><strong><em>col.</em></strong></span> <span class='ocrx_word' id='word_1_27' title='bbox 1993 816 2340 875; x_wconf 84' lang='lat'>833—851</span> <span class='ocrx_word' id='word_1_28' title='bbox 2364 811 2406 874; x_wconf 86' lang='lat'><strong><em>1.</em></strong></span> 
     </span>
     <span class='ocr_line' id='line_1_4' title="bbox 39 915 41 958; baseline 0 0"><span class='ocrx_word' id='word_1_29' title='bbox 39 915 41 958; x_wconf 81' lang='grc' dir='ltr'>ι</span> 
     </span>
    </p>
   </div>
   <div class='ocr_carea' id='block_1_4' title="bbox 1075 953 1503 961">
    <p class='ocr_par' dir='ltr' id='par_1_4' title="bbox 1075 953 1503 961">
     <span class='ocr_line' id='line_1_5' title="bbox 1075 953 1503 961; baseline 0 4231"><span class='ocrx_word' id='word_1_30' title='bbox 1075 953 1503 961; x_wconf 95' lang='lat' dir='ltr'><strong><em> </em></strong></span> 
     </span>
    </p>
   </div>
   <div class='ocr_carea' id='block_1_5' title="bbox 39 1021 2413 2350">
    <p class='ocr_par' dir='ltr' id='par_1_5' title="bbox 39 1021 2413 2350">
     <span class='ocr_line' id='line_1_6' title="bbox 375 1021 2411 1106; baseline 0 -19"><span class='ocrx_word' id='word_1_31' title='bbox 375 1021 673 1104; x_wconf 86' lang='lat' dir='ltr'><strong><em>Denique</em></strong></span> <span class='ocrx_word' id='word_1_32' title='bbox 719 1043 903 1106; x_wconf 85' lang='lat' dir='ltr'><strong><em>opere</em></strong></span> <span class='ocrx_word' id='word_1_33' title='bbox 948 1024 1231 1089; x_wconf 82' lang='lat' dir='ltr'><strong><em>absoluto</em></strong></span> <span class='ocrx_word' id='word_1_34' title='bbox 1274 1023 1438 1089; x_wconf 81' lang='lat' dir='ltr'><strong><em>viris</em></strong></span> <span class='ocrx_word' id='word_1_35' title='bbox 1468 1023 1850 1089; x_wconf 75' lang='lat' dir='ltr'><strong><em>doctissimis</em></strong></span> <span class='ocrx_word' id='word_1_36' title='bbox 1879 1025 1954 1089; x_wconf 91' lang='lat' dir='ltr'><strong><em>de</em></strong></span> <span class='ocrx_word' id='word_1_37' title='bbox 1985 1024 2106 1088; x_wconf 81' lang='lat' dir='ltr'><strong><em>hac</em></strong></span> <span class='ocrx_word' id='word_1_38' title='bbox 2136 1023 2411 1088; x_wconf 75' lang='lat' dir='ltr'><strong><em>editione</em></strong></span> 
     </span>
     <span class='ocr_line' id='line_1_7' title="bbox 152 1111 2406 1195; baseline 0 -20"><span class='ocrx_word' id='word_1_39' title='bbox 152 1111 386 1192; x_wconf 86' lang='lat' dir='ltr'><strong><em>optime</em></strong></span> <span class='ocrx_word' id='word_1_40' title='bbox 444 1111 691 1176; x_wconf 88' lang='lat' dir='ltr'><strong><em>meritis</em></strong></span> <span class='ocrx_word' id='word_1_41' title='bbox 748 1111 852 1178; x_wconf 90' lang='lat' dir='ltr'><strong><em>W.</em></strong></span> <span class='ocrx_word' id='word_1_42' title='bbox 900 1112 974 1178; x_wconf 88' lang='lat' dir='ltr'><strong><em>J.</em></strong></span> <span class='ocrx_word' id='word_1_43' title='bbox 1020 1113 1371 1194; x_wconf 87' lang='lat' dir='ltr'><strong><em>Edmonds,</em></strong></span> <span class='ocrx_word' id='word_1_44' title='bbox 1434 1113 1517 1178; x_wconf 82' lang='lat' dir='ltr'><strong><em>R.</em></strong></span> <span class='ocrx_word' id='word_1_45' title='bbox 1566 1113 1868 1195; x_wconf 77' lang='lat' dir='ltr'><strong><em>Ehwald,</em></strong></span> <span class='ocrx_word' id='word_1_46' title='bbox 1930 1113 2111 1179; x_wconf 91' lang='lat' dir='ltr'><strong><em>Aem.</em></strong></span> <span class='ocrx_word' id='word_1_47' title='bbox 2171 1111 2406 1193; x_wconf 78' lang='lat' dir='ltr'><strong><em>Go&#39;ller,</em></strong></span> 
     </span>
     <span class='ocr_line' id='line_1_8' title="bbox 97 1200 2406 1284; baseline 0 -21"><span class='ocrx_word' id='word_1_48' title='bbox 97 1225 120 1263; x_wconf 76' lang='lat'>⁵</span> <span class='ocrx_word' id='word_1_49' title='bbox 159 1201 279 1264; x_wconf 77' lang='lat' dir='ltr'><strong><em>Th.</em></strong></span> <span class='ocrx_word' id='word_1_50' title='bbox 336 1200 388 1264; x_wconf 96' lang='lat' dir='ltr'><strong><em>I</em></strong></span> <span class='ocrx_word' id='word_1_51' title='bbox 386 1200 547 1282; x_wconf 79' lang='lat' dir='ltr'><strong><em>lyen,</em></strong></span> <span class='ocrx_word' id='word_1_52' title='bbox 596 1201 689 1264; x_wconf 89' lang='grc' dir='ltr'><strong><em>Η.</em></strong></span> <span class='ocrx_word' id='word_1_53' title='bbox 732 1201 1034 1284; x_wconf 77' lang='lat' dir='ltr'><strong><em>Lebeque,</em></strong></span> <span class='ocrx_word' id='word_1_54' title='bbox 1092 1201 1174 1266; x_wconf 76' lang='lat' dir='ltr'><strong><em>G.</em></strong></span> <span class='ocrx_word' id='word_1_55' title='bbox 1213 1201 1446 1284; x_wconf 85' lang='lat' dir='ltr'><strong><em>Meier,</em></strong></span> <span class='ocrx_word' id='word_1_56' title='bbox 1506 1202 1585 1267; x_wconf 76' lang='lat' dir='ltr'><strong><em>G.</em></strong></span> <span class='ocrx_word' id='word_1_57' title='bbox 1627 1201 2008 1283; x_wconf 77' lang='lat' dir='ltr'><strong><em>Milchsack,</em></strong></span> <span class='ocrx_word' id='word_1_58' title='bbox 2066 1200 2140 1266; x_wconf 86' lang='lat' dir='ltr'><strong><em>O.</em></strong></span> <span class='ocrx_word' id='word_1_59' title='bbox 2183 1200 2406 1282; x_wconf 63' lang='lat' dir='ltr'><strong><em>Schiff,</em></strong></span> 
     </span>
     <span class='ocr_line' id='line_1_9' title="bbox 152 1289 2407 1373; baseline 0 -20"><span class='ocrx_word' id='word_1_60' title='bbox 152 1289 232 1353; x_wconf 88' lang='lat' dir='ltr'><strong><em>E.</em></strong></span> <span class='ocrx_word' id='word_1_61' title='bbox 318 1289 652 1370; x_wconf 77' lang='lat' dir='ltr'><strong><em>Schro‘der,</em></strong></span> <span class='ocrx_word' id='word_1_62' title='bbox 730 1289 804 1355; x_wconf 88' lang='lat' dir='ltr'><strong><em>J.</em></strong></span> <span class='ocrx_word' id='word_1_63' title='bbox 872 1289 1191 1355; x_wconf 80' lang='lat' dir='ltr'><strong><em>Schwalm</em></strong></span> <span class='ocrx_word' id='word_1_64' title='bbox 1262 1293 1515 1373; x_wconf 76' lang='lat' dir='ltr'><strong><em>qratias</em></strong></span> <span class='ocrx_word' id='word_1_65' title='bbox 1589 1290 1819 1355; x_wconf 87' lang='lat' dir='ltr'><strong><em>iterum</em></strong></span> <span class='ocrx_word' id='word_1_66' title='bbox 1893 1291 2136 1369; x_wconf 83' lang='lat' dir='ltr'><strong><em>referre</em></strong></span> <span class='ocrx_word' id='word_1_67' title='bbox 2208 1289 2407 1371; x_wconf 88' lang='lat' dir='ltr'><strong><em>iuvat,</em></strong></span> 
     </span>
     <span class='ocr_line' id='line_1_10' title="bbox 152 1377 2413 1463; baseline 0 -21"><span class='ocrx_word' id='word_1_68' title='bbox 152 1399 323 1458; x_wconf 87' lang='lat' dir='ltr'><strong><em>quas</em></strong></span> <span class='ocrx_word' id='word_1_69' title='bbox 390 1398 504 1442; x_wconf 91' lang='lat' dir='ltr'><strong><em>suo</em></strong></span> <span class='ocrx_word' id='word_1_70' title='bbox 572 1377 794 1460; x_wconf 85' lang='lat' dir='ltr'><strong><em>cuique</em></strong></span> <span class='ocrx_word' id='word_1_71' title='bbox 862 1378 990 1444; x_wconf 84' lang='lat' dir='ltr'><strong><em>loco</em></strong></span> <span class='ocrx_word' id='word_1_72' title='bbox 1057 1399 1261 1463; x_wconf 84' lang='lat' dir='ltr'><strong><em>supra</em></strong></span> <span class='ocrx_word' id='word_1_73' title='bbox 1334 1379 1742 1460; x_wconf 84' lang='lat' dir='ltr'><strong><em>rettuleram,·</em></strong></span> <span class='ocrx_word' id='word_1_74' title='bbox 1814 1378 2041 1460; x_wconf 88' lang='lat' dir='ltr'><strong><em>quibus</em></strong></span> <span class='ocrx_word' id='word_1_75' title='bbox 2108 1380 2413 1444; x_wconf 85' lang='lat' dir='ltr'><strong><em>accedunt</em></strong></span> 
     </span>
     <span class='ocr_line' id='line_1_11' title="bbox 157 1432 2410 1568; baseline 0 -37"><span class='ocrx_word' id='word_1_76' title='bbox 157 1466 681 1532; x_wconf 78' lang='lat' dir='ltr'><strong><em>bibliothecarum</em></strong></span> <span class='ocrx_word' id='word_1_77' title='bbox 714 1467 1036 1549; x_wconf 82' lang='lat' dir='ltr'><strong><em>praefecti</em></strong></span> <span class='ocrx_word' id='word_1_78' title='bbox 1067 1467 1393 1568; x_wconf 75' lang='lat' dir='ltr'><strong><em>permulti,</em></strong></span> <span class='ocrx_word' id='word_1_79' title='bbox 1441 1467 1553 1551; x_wconf 90' lang='lat' dir='ltr'><strong><em>qui</em></strong></span> <span class='ocrx_word' id='word_1_80' title='bbox 1600 1432 1838 1534; x_wconf 82' lang='lat' dir='ltr'><strong><em>codices</em></strong></span> <span class='ocrx_word' id='word_1_81' title='bbox 1883 1467 2008 1534; x_wconf 90' lang='lat' dir='ltr'><strong><em>sibi</em></strong></span> <span class='ocrx_word' id='word_1_82' title='bbox 2053 1466 2410 1534; x_wconf 88' lang='lat' dir='ltr'><strong><em>commissos</em></strong></span> 
     </span>
     <span class='ocr_line' id='line_1_12' title="bbox 157 1555 2411 1638; baseline 0 -18"><span class='ocrx_word' id='word_1_83' title='bbox 157 1555 291 1620; x_wconf 85' lang='lat' dir='ltr'><strong><em>sive</em></strong></span> <span class='ocrx_word' id='word_1_84' title='bbox 353 1555 433 1620; x_wconf 90' lang='lat' dir='ltr'><strong><em>in</em></strong></span> <span class='ocrx_word' id='word_1_85' title='bbox 493 1555 778 1637; x_wconf 86' lang='lat' dir='ltr'><strong><em>ipsorum</em></strong></span> <span class='ocrx_word' id='word_1_86' title='bbox 837 1556 1151 1621; x_wconf 88' lang='lat' dir='ltr'><strong><em>armariis</em></strong></span> <span class='ocrx_word' id='word_1_87' title='bbox 1208 1557 1339 1622; x_wconf 85' lang='lat' dir='ltr'><strong><em>sive</em></strong></span> <span class='ocrx_word' id='word_1_88' title='bbox 1399 1556 1830 1622; x_wconf 84' lang='lat' dir='ltr'><strong><em>Vratislaviae</em></strong></span> <span class='ocrx_word' id='word_1_89' title='bbox 1894 1562 2078 1638; x_wconf 89' lang='lat' dir='ltr'><strong><em>atque</em></strong></span> <span class='ocrx_word' id='word_1_90' title='bbox 2134 1555 2411 1621; x_wconf 89' lang='lat' dir='ltr'><strong><em>Bonnae</em></strong></span> 
     </span>
     <span class='ocr_line' id='line_1_13' title="bbox 78 1644 2411 1712; baseline 0.001 -5"><span class='ocrx_word' id='word_1_91' title='bbox 78 1670 124 1708; x_wconf 82' lang='lat'><strong><em>10</em></strong></span> <span class='ocrx_word' id='word_1_92' title='bbox 156 1644 568 1710; x_wconf 66' lang='lat' dir='ltr'><strong><em>executiendos</em></strong></span> <span class='ocrx_word' id='word_1_93' title='bbox 657 1644 818 1709; x_wconf 79' lang='lat' dir='ltr'><strong><em>mihi</em></strong></span> <span class='ocrx_word' id='word_1_94' title='bbox 908 1652 1362 1712; x_wconf 87' lang='lat' dir='ltr'><strong><em>concesserunt.</em></strong></span> <span class='ocrx_word' id='word_1_95' title='bbox 1510 1646 1785 1711; x_wconf 80' lang='lat' dir='ltr'><strong><em>Praeter</em></strong></span> <span class='ocrx_word' id='word_1_96' title='bbox 1874 1651 2103 1710; x_wconf 88' lang='lat' dir='ltr'><strong><em>ceteros</em></strong></span> <span class='ocrx_word' id='word_1_97' title='bbox 2201 1651 2411 1710; x_wconf 86' lang='lat' dir='ltr'><strong><em>autem</em></strong></span> 
     </span>
     <span class='ocr_line' id='line_1_14' title="bbox 156 1732 2412 1816; baseline 0 -20"><span class='ocrx_word' id='word_1_98' title='bbox 156 1732 243 1796; x_wconf 91' lang='lat' dir='ltr'><strong><em>B.</em></strong></span> <span class='ocrx_word' id='word_1_99' title='bbox 298 1733 569 1798; x_wconf 79' lang='lat' dir='ltr'><strong><em>Krusch</em></strong></span> <span class='ocrx_word' id='word_1_100' title='bbox 619 1755 677 1798; x_wconf 85' lang='lat' dir='ltr'><strong><em>v.</em></strong></span> <span class='ocrx_word' id='word_1_101' title='bbox 726 1755 775 1799; x_wconf 88' lang='lat' dir='ltr'><strong><em>c.</em></strong></span> <span class='ocrx_word' id='word_1_102' title='bbox 840 1733 1171 1799; x_wconf 79' lang='lat' dir='ltr'><strong><em>reminisci</em></strong></span> <span class='ocrx_word' id='word_1_103' title='bbox 1216 1737 1400 1816; x_wconf 87' lang='lat' dir='ltr'><strong><em>decet,</em></strong></span> <span class='ocrx_word' id='word_1_104' title='bbox 1448 1735 1561 1816; x_wconf 87' lang='lat' dir='ltr'><strong><em>qui</em></strong></span> <span class='ocrx_word' id='word_1_105' title='bbox 1604 1740 1675 1800; x_wconf 85' lang='lat' dir='ltr'><strong><em>ut</em></strong></span> <span class='ocrx_word' id='word_1_106' title='bbox 1721 1733 2153 1815; x_wconf 68' lang='lat' dir='ltr'><strong><em>Scriptoribus</em></strong></span> <span class='ocrx_word' id='word_1_107' title='bbox 2195 1754 2412 1798; x_wconf 90' lang='lat' dir='ltr'><strong><em>rerum</em></strong></span> 
     </span>
     <span class='ocr_line' id='line_1_15' title="bbox 156 1821 2408 1906; baseline 0.001 -20"><span class='ocrx_word' id='word_1_108' title='bbox 156 1821 793 1904; x_wconf 74' lang='lat' dir='ltr'><strong><em>Merovinqicarum&#39;</em></strong></span> <span class='ocrx_word' id='word_1_109' title='bbox 833 1823 1093 1889; x_wconf 79' lang='lat' dir='ltr'><strong><em>edendis</em></strong></span> <span class='ocrx_word' id='word_1_110' title='bbox 1166 1831 1419 1889; x_wconf 88' lang='lat' dir='ltr'><strong><em>strenue</em></strong></span> <span class='ocrx_word' id='word_1_111' title='bbox 1490 1823 1843 1906; x_wconf 78' lang='lat' dir='ltr'><strong><em>praesidet,</em></strong></span> <span class='ocrx_word' id='word_1_112' title='bbox 1922 1823 2016 1887; x_wconf 91' lang='lat' dir='ltr'><strong><em>ita</em></strong></span> <span class='ocrx_word' id='word_1_113' title='bbox 2089 1821 2164 1887; x_wconf 86' lang='lat' dir='ltr'><strong><em>in</em></strong></span> <span class='ocrx_word' id='word_1_114' title='bbox 2238 1823 2408 1888; x_wconf 76' lang='lat' dir='ltr'><strong><em>banc</em></strong></span> 
     </span>
     <span class='ocr_line' id='line_1_16' title="bbox 39 1909 2407 1996; baseline 0 -21"><span class='ocrx_word' id='word_1_115' title='bbox 39 1943 41 1996; x_wconf 60' lang='lat' dir='ltr'><strong><em>g</em></strong></span> <span class='ocrx_word' id='word_1_116' title='bbox 156 1909 496 1976; x_wconf 86' lang='lat' dir='ltr'><strong><em>editionem</em></strong></span> <span class='ocrx_word' id='word_1_117' title='bbox 540 1911 748 1994; x_wconf 81' lang='lat' dir='ltr'><strong><em>ipsius</em></strong></span> <span class='ocrx_word' id='word_1_118' title='bbox 792 1911 1103 1994; x_wconf 79' lang='lat' dir='ltr'><strong><em>auspiciis</em></strong></span> <span class='ocrx_word' id='word_1_119' title='bbox 1145 1913 1513 1994; x_wconf 86' lang='lat' dir='ltr'><strong><em>parandam</em></strong></span> <span class='ocrx_word' id='word_1_120' title='bbox 1556 1918 1618 1978; x_wconf 88' lang='lat' dir='ltr'><strong><em>et</em></strong></span> <span class='ocrx_word' id='word_1_121' title='bbox 1660 1918 2001 1995; x_wconf 78' lang='lat' dir='ltr'><strong><em>antequam</em></strong></span> <span class='ocrx_word' id='word_1_122' title='bbox 2041 1912 2225 1994; x_wconf 79' lang='lat' dir='ltr'><strong><em>prelo</em></strong></span> <span class='ocrx_word' id='word_1_123' title='bbox 2270 1912 2407 1976; x_wconf 91' lang='lat' dir='ltr'><strong><em>sub-</em></strong></span> 
     </span>
     <span class='ocr_line' id='line_1_17' title="bbox 155 1999 2408 2084; baseline 0.001 -21"><span class='ocrx_word' id='word_1_124' title='bbox 155 1999 474 2064; x_wconf 88' lang='lat' dir='ltr'><strong><em>iciebatur</em></strong></span> <span class='ocrx_word' id='word_1_125' title='bbox 516 2006 576 2064; x_wconf 89' lang='lat' dir='ltr'><strong><em>et</em></strong></span> <span class='ocrx_word' id='word_1_126' title='bbox 616 1999 693 2064; x_wconf 83' lang='lat' dir='ltr'><strong><em>in</em></strong></span> <span class='ocrx_word' id='word_1_127' title='bbox 738 2001 1027 2083; x_wconf 77' lang='lat' dir='ltr'><strong><em>plaqulis</em></strong></span> <span class='ocrx_word' id='word_1_128' title='bbox 1073 2001 1468 2084; x_wconf 80' lang='lat' dir='ltr'><strong><em>corriyendis</em></strong></span> <span class='ocrx_word' id='word_1_129' title='bbox 1510 2001 1788 2066; x_wconf 88' lang='lat' dir='ltr'><strong><em>studium</em></strong></span> <span class='ocrx_word' id='word_1_130' title='bbox 1846 1999 2238 2079; x_wconf 82' lang='lat' dir='ltr'><strong><em>indefessum</em></strong></span> <span class='ocrx_word' id='word_1_131' title='bbox 2294 1999 2408 2065; x_wconf 88' lang='lat' dir='ltr'><strong><em>im-</em></strong></span> 
     </span>
     <span class='ocr_line' id='line_1_18' title="bbox 80 2087 2408 2173; baseline 0 -22"><span class='ocrx_word' id='word_1_132' title='bbox 80 2113 125 2151; x_wconf 82' lang='lat'><strong><em>15</em></strong></span> <span class='ocrx_word' id='word_1_133' title='bbox 148 2090 433 2170; x_wconf 85' lang='lat' dir='ltr'><strong><em>pendere</em></strong></span> <span class='ocrx_word' id='word_1_134' title='bbox 477 2110 824 2172; x_wconf 79' lang='lat' dir='ltr'><strong><em>numquam</em></strong></span> <span class='ocrx_word' id='word_1_135' title='bbox 869 2089 1121 2171; x_wconf 84' lang='lat' dir='ltr'><strong><em>destitit,</em></strong></span> <span class='ocrx_word' id='word_1_136' title='bbox 1178 2111 1494 2173; x_wconf 80' lang='lat' dir='ltr'><strong><em>nusquam</em></strong></span> <span class='ocrx_word' id='word_1_137' title='bbox 1552 2087 1820 2155; x_wconf 84' lang='lat' dir='ltr'><strong><em>consilio</em></strong></span> <span class='ocrx_word' id='word_1_138' title='bbox 1880 2096 1940 2154; x_wconf 91' lang='lat' dir='ltr'><strong><em>et</em></strong></span> <span class='ocrx_word' id='word_1_139' title='bbox 1995 2109 2188 2172; x_wconf 86' lang='lat' dir='ltr'><strong><em>opera</em></strong></span> <span class='ocrx_word' id='word_1_140' title='bbox 2245 2087 2408 2153; x_wconf 81' lang='lat' dir='ltr'><strong><em>mihi</em></strong></span> 
     </span>
     <span class='ocr_line' id='line_1_19' title="bbox 159 2176 2406 2261; baseline -0 -19"><span class='ocrx_word' id='word_1_141' title='bbox 159 2177 387 2260; x_wconf 81' lang='lat' dir='ltr'><strong><em>defuit,</em></strong></span> <span class='ocrx_word' id='word_1_142' title='bbox 436 2176 533 2242; x_wconf 90' lang='lat' dir='ltr'><strong><em>ita</em></strong></span> <span class='ocrx_word' id='word_1_143' title='bbox 575 2184 648 2242; x_wconf 92' lang='lat' dir='ltr'><strong><em>ut</em></strong></span> <span class='ocrx_word' id='word_1_144' title='bbox 685 2178 939 2261; x_wconf 65' lang='lat' dir='ltr'><strong><em>‚qratias</em></strong></span> <span class='ocrx_word' id='word_1_145' title='bbox 981 2199 1080 2244; x_wconf 90' lang='lat' dir='ltr'><strong><em>me</em></strong></span> <span class='ocrx_word' id='word_1_146' title='bbox 1124 2199 1315 2261; x_wconf 90' lang='lat' dir='ltr'><strong><em>quam</em></strong></span> <span class='ocrx_word' id='word_1_147' title='bbox 1358 2177 1680 2244; x_wconf 72' lang='lat' dir='ltr'><strong><em>maximas</em></strong></span> <span class='ocrx_word' id='word_1_148' title='bbox 1723 2177 1784 2243; x_wconf 91' lang='lat' dir='ltr'><strong><em>ei</em></strong></span> <span class='ocrx_word' id='word_1_149' title='bbox 1829 2179 2045 2244; x_wconf 88' lang='lat' dir='ltr'><strong><em>debere</em></strong></span> <span class='ocrx_word' id='word_1_150' title='bbox 2091 2178 2205 2243; x_wconf 76' lang='lat' dir='ltr'><strong><em>hoc</em></strong></span> <span class='ocrx_word' id='word_1_151' title='bbox 2264 2198 2406 2259; x_wconf 91' lang='lat' dir='ltr'><strong><em>quo-</em></strong></span> 
     </span>
     <span class='ocr_line' id='line_1_20' title="bbox 159 2266 1852 2350; baseline -0.001 -18"><span class='ocrx_word' id='word_1_152' title='bbox 159 2287 277 2348; x_wconf 89' lang='lat' dir='ltr'><strong><em>que</em></strong></span> <span class='ocrx_word' id='word_1_153' title='bbox 324 2267 457 2332; x_wconf 87' lang='lat' dir='ltr'><strong><em>loco</em></strong></span> <span class='ocrx_word' id='word_1_154' title='bbox 501 2267 764 2332; x_wconf 88' lang='lat' dir='ltr'><strong><em>memori</em></strong></span> <span class='ocrx_word' id='word_1_155' title='bbox 807 2267 1027 2333; x_wconf 89' lang='lat' dir='ltr'><strong><em>animo</em></strong></span> <span class='ocrx_word' id='word_1_156' title='bbox 1070 2266 1234 2333; x_wconf 78' lang='lat' dir='ltr'><strong><em>mihi</em></strong></span> <span class='ocrx_word' id='word_1_157' title='bbox 1266 2269 1702 2350; x_wconf 74' lang='lat' dir='ltr'><strong><em>profitendum</em></strong></span> <span class='ocrx_word' id='word_1_158' title='bbox 1748 2267 1852 2333; x_wconf 88' lang='lat' dir='ltr'><strong><em>sit.</em></strong></span> 
     </span>
    </p>
   </div>
   <div class='ocr_carea' id='block_1_6' title="bbox 39 2391 2314 2621">
    <p class='ocr_par' dir='ltr' id='par_1_6' title="bbox 39 2391 2314 2621">
     <span class='ocr_line' id='line_1_21' title="bbox 378 2391 1646 2474; baseline -0.002 -18"><span class='ocrx_word' id='word_1_159' title='bbox 378 2391 751 2474; x_wconf 89' lang='lat' dir='ltr'><strong><em>Bonnae,</em></strong></span> <span class='ocrx_word' id='word_1_160' title='bbox 797 2415 1008 2459; x_wconf 89' lang='lat' dir='ltr'><strong><em>mense</em></strong></span> <span class='ocrx_word' id='word_1_161' title='bbox 1051 2391 1306 2458; x_wconf 86' lang='lat' dir='ltr'><strong><em>Martio</em></strong></span> <span class='ocrx_word' id='word_1_162' title='bbox 1352 2416 1415 2459; x_wconf 92' lang='lat' dir='ltr'><strong><em>a.</em></strong></span> <span class='ocrx_word' id='word_1_163' title='bbox 1454 2397 1646 2458; x_wconf 88' lang='lat'><strong><em>1905.</em></strong></span> 
     </span>
     <span class='ocr_line' id='line_1_22' title="bbox 39 2523 2314 2621; baseline -0.004 -14"><span class='ocrx_word' id='word_1_164' title='bbox 39 2523 43 2620; x_wconf 67' lang='grc' dir='ltr'>Ι</span> <span class='ocrx_word' id='word_1_165' title='bbox 1203 2535 1816 2603; x_wconf 76' lang='lat' dir='ltr'><strong><em>WILHELMUS</em></strong></span> <span class='ocrx_word' id='word_1_166' title='bbox 1864 2533 1998 2598; x_wconf 83' lang='lat' dir='ltr'><strong><em>LE</em></strong></span> <span class='ocrx_word' id='word_1_167' title='bbox 2009 2533 2314 2621; x_wconf 72' lang='lat' dir='ltr'><strong><em>VlsoN.</em></strong></span> 
     </span>
    </p>
   </div>
   <div class='ocr_carea' id='block_1_7' title="bbox 41 2726 2412 3222">
    <p class='ocr_par' dir='ltr' id='par_1_7' title="bbox 41 2726 2408 2865">
     <span class='ocr_line' id='line_1_23' title="bbox 41 2726 2408 2795; baseline -0.003 -13"><span class='ocrx_word' id='word_1_168' title='bbox 41 2789 43 2794; x_wconf 50' lang='grc'><strong>,</strong></span> <span class='ocrx_word' id='word_1_169' title='bbox 83 2744 130 2782; x_wconf 82' lang='lat'><strong><em>20</em></strong></span> <span class='ocrx_word' id='word_1_170' title='bbox 162 2728 217 2795; x_wconf 93' lang='lat'><strong><em>1)</em></strong></span> <span class='ocrx_word' id='word_1_171' title='bbox 262 2727 421 2779; x_wconf 81' lang='lat' dir='ltr'><strong><em>Vitae</em></strong></span> <span class='ocrx_word' id='word_1_172' title='bbox 456 2729 787 2794; x_wconf 79' lang='lat' dir='ltr'><strong><em>passionesve</em></strong></span> <span class='ocrx_word' id='word_1_173' title='bbox 818 2729 1001 2780; x_wconf 79' lang='lat' dir='ltr'><strong><em>nostri</em></strong></span> <span class='ocrx_word' id='word_1_174' title='bbox 1034 2729 1312 2794; x_wconf 74' lang='lat' dir='ltr'><strong><em>Bonifatii</em></strong></span> <span class='ocrx_word' id='word_1_175' title='bbox 1344 2729 1412 2780; x_wconf 88' lang='lat' dir='ltr'><strong><em>ab</em></strong></span> <span class='ocrx_word' id='word_1_176' title='bbox 1450 2729 1579 2779; x_wconf 85' lang='lat' dir='ltr'><strong><em>aliis</em></strong></span> <span class='ocrx_word' id='word_1_177' title='bbox 1614 2728 1845 2780; x_wconf 62' lang='lat' dir='ltr'><strong><em>dusdem</em></strong></span> <span class='ocrx_word' id='word_1_178' title='bbox 1879 2727 2114 2778; x_wconf 86' lang='lat' dir='ltr'><strong><em>nominis</em></strong></span> <span class='ocrx_word' id='word_1_179' title='bbox 2154 2726 2215 2777; x_wconf 84' lang='lat' dir='ltr'><strong><em>in</em></strong></span> <span class='ocrx_word' id='word_1_180' title='bbox 2261 2731 2408 2776; x_wconf 86' lang='lat' dir='ltr'><strong><em>cata-</em></strong></span> 
     </span>
     <span class='ocr_line' id='line_1_24' title="bbox 162 2797 2408 2865; baseline -0.001 -15"><span class='ocrx_word' id='word_1_181' title='bbox 162 2799 298 2864; x_wconf 72' lang='lat' dir='ltr'><strong><em>loyis</em></strong></span> <span class='ocrx_word' id='word_1_182' title='bbox 332 2800 574 2851; x_wconf 83' lang='lat' dir='ltr'><strong><em>codicum</em></strong></span> <span class='ocrx_word' id='word_1_183' title='bbox 608 2815 763 2865; x_wconf 82' lang='lat' dir='ltr'><strong><em>saepe</em></strong></span> <span class='ocrx_word' id='word_1_184' title='bbox 796 2800 1077 2851; x_wconf 81' lang='lat' dir='ltr'><strong><em>distinctae</em></strong></span> <span class='ocrx_word' id='word_1_185' title='bbox 1111 2814 1221 2851; x_wconf 88' lang='lat' dir='ltr'><strong><em>non</em></strong></span> <span class='ocrx_word' id='word_1_186' title='bbox 1255 2807 1382 2852; x_wconf 87' lang='lat' dir='ltr'><strong><em>sunt</em></strong></span> <span class='ocrx_word' id='word_1_187' title='bbox 1416 2800 1514 2864; x_wconf 75' lang='lat' dir='ltr'><strong><em>(cf.</em></strong></span> <span class='ocrx_word' id='word_1_188' title='bbox 1552 2815 1594 2852; x_wconf 83' lang='lat' dir='ltr'><strong><em>c.</em></strong></span> <span class='ocrx_word' id='word_1_189' title='bbox 1631 2815 1715 2865; x_wconf 71' lang='lat' dir='ltr'><strong><em>qr.</em></strong></span> <span class='ocrx_word' id='word_1_190' title='bbox 1754 2800 1825 2853; x_wconf 77' lang='lat' dir='ltr'><strong><em>A.</em></strong></span> <span class='ocrx_word' id='word_1_191' title='bbox 1848 2797 2216 2862; x_wconf 67' lang='lat' dir='ltr'><strong><em>Narnberyer‚</em></strong></span> <span class='ocrx_word' id='word_1_192' title='bbox 2257 2797 2408 2848; x_wconf 85' lang='lat' dir='ltr'><strong><em>Com-</em></strong></span> 
     </span>
    </p>

    <p class='ocr_par' dir='ltr' id='par_1_8' title="bbox 41 2869 2412 3079">
     <span class='ocr_line' id='line_1_25' title="bbox 41 2869 2406 2938; baseline -0.001 -18"><span class='ocrx_word' id='word_1_193' title='bbox 41 2901 43 2920; x_wconf 83' lang='lat'><strong><em>.</em></strong></span> <span class='ocrx_word' id='word_1_194' title='bbox 161 2871 419 2921; x_wconf 83' lang='lat' dir='ltr'><strong><em>mentatio</em></strong></span> <span class='ocrx_word' id='word_1_195' title='bbox 466 2888 523 2938; x_wconf 86' lang='lat' dir='ltr'><strong><em>p.</em></strong></span> <span class='ocrx_word' id='word_1_196' title='bbox 576 2873 667 2935; x_wconf 90' lang='lat'><strong><em>11,</em></strong></span> <span class='ocrx_word' id='word_1_197' title='bbox 725 2885 778 2924; x_wconf 85' lang='lat' dir='ltr'><strong><em>n.</em></strong></span> <span class='ocrx_word' id='word_1_198' title='bbox 830 2873 901 2932; x_wconf 84' lang='lat'><strong><em>2,·</em></strong></span> <span class='ocrx_word' id='word_1_199' title='bbox 945 2886 1006 2937; x_wconf 78' lang='lat' dir='ltr'><strong><em>p.</em></strong></span> <span class='ocrx_word' id='word_1_200' title='bbox 1056 2873 1149 2935; x_wconf 84' lang='lat'><strong><em>15,</em></strong></span> <span class='ocrx_word' id='word_1_201' title='bbox 1202 2887 1257 2925; x_wconf 88' lang='lat' dir='ltr'><strong><em>n.</em></strong></span> <span class='ocrx_word' id='word_1_202' title='bbox 1313 2872 1398 2937; x_wconf 86' lang='lat'><strong><em>1),</em></strong></span> <span class='ocrx_word' id='word_1_203' title='bbox 1457 2876 1613 2937; x_wconf 81' lang='lat' dir='ltr'><strong><em>atque</em></strong></span> <span class='ocrx_word' id='word_1_204' title='bbox 1664 2871 1932 2922; x_wconf 80' lang='lat' dir='ltr'><strong><em>codicibus</em></strong></span> <span class='ocrx_word' id='word_1_205' title='bbox 1983 2869 2406 2920; x_wconf 85' lang='lat' dir='ltr'><strong><em>Parisiensi</em></strong></span> 
     </span>
     <span class='ocr_line' id='line_1_26' title="bbox 41 2939 2412 3010; baseline -0.001 -18"><span class='ocrx_word' id='word_1_206' title='bbox 41 2953 45 2996; x_wconf 81' lang='grc' dir='ltr'><strong>ζ</strong></span> <span class='ocrx_word' id='word_1_207' title='bbox 162 2957 215 2995; x_wconf 84' lang='lat' dir='ltr'><strong><em>n.</em></strong></span> <span class='ocrx_word' id='word_1_208' title='bbox 257 2943 435 2996; x_wconf 80' lang='grc'><strong>17634</strong></span> <span class='ocrx_word' id='word_1_209' title='bbox 483 2941 785 3010; x_wconf 77' lang='lat' dir='ltr'><strong><em>(Caelestin.</em></strong></span> <span class='ocrx_word' id='word_1_210' title='bbox 825 2944 903 3008; x_wconf 87' lang='lat'><strong><em>1),</em></strong></span> <span class='ocrx_word' id='word_1_211' title='bbox 955 2957 1086 2996; x_wconf 84' lang='lat' dir='ltr'><strong><em>saec.</em></strong></span> <span class='ocrx_word' id='word_1_212' title='bbox 1139 2941 1303 2996; x_wconf 85' lang='lat' dir='ltr'><strong><em>XVI.</em></strong></span> <span class='ocrx_word' id='word_1_213' title='bbox 1342 2944 1438 3008; x_wconf 86' lang='lat' dir='ltr'><strong><em>in.,</em></strong></span> <span class='ocrx_word' id='word_1_214' title='bbox 1487 2941 1582 3005; x_wconf 78' lang='lat' dir='ltr'><strong><em>fol.</em></strong></span> <span class='ocrx_word' id='word_1_215' title='bbox 1621 2939 1728 3006; x_wconf 62' lang='lat'><strong><em>802</em></strong></span> <span class='ocrx_word' id='word_1_216' title='bbox 1778 2947 1825 2992; x_wconf 90' lang='lat' dir='ltr'><strong><em>et</em></strong></span> <span class='ocrx_word' id='word_1_217' title='bbox 1868 2941 2412 2992; x_wconf 86' lang='lat' dir='ltr'><strong><em>Vindobonensi</em></strong></span> 
     </span>
     <span class='ocr_line' id='line_1_27' title="bbox 162 3011 2407 3079; baseline -0 -17"><span class='ocrx_word' id='word_1_218' title='bbox 162 3028 217 3066; x_wconf 87' lang='lat' dir='ltr'><strong><em>n.</em></strong></span> <span class='ocrx_word' id='word_1_219' title='bbox 254 3015 361 3066; x_wconf 86' lang='grc'><strong><em>377</em></strong></span> <span class='ocrx_word' id='word_1_220' title='bbox 399 3012 573 3078; x_wconf 78' lang='lat' dir='ltr'><strong><em>(Hist.</em></strong></span> <span class='ocrx_word' id='word_1_221' title='bbox 609 3013 723 3067; x_wconf 80' lang='lat' dir='ltr'><strong><em>eccl.</em></strong></span> <span class='ocrx_word' id='word_1_222' title='bbox 765 3015 875 3078; x_wconf 83' lang='lat'><strong><em>15),</em></strong></span> <span class='ocrx_word' id='word_1_223' title='bbox 926 3027 1062 3067; x_wconf 84' lang='lat' dir='ltr'><strong><em>saec.</em></strong></span> <span class='ocrx_word' id='word_1_224' title='bbox 1101 3012 1209 3078; x_wconf 90' lang='lat' dir='ltr'><strong><em>XI,</em></strong></span> <span class='ocrx_word' id='word_1_225' title='bbox 1260 3014 1351 3077; x_wconf 79' lang='lat' dir='ltr'><strong><em>fol.</em></strong></span> <span class='ocrx_word' id='word_1_226' title='bbox 1392 3013 1534 3079; x_wconf 82' lang='lat'><strong><em>233‘,</em></strong></span> <span class='ocrx_word' id='word_1_227' title='bbox 1586 3014 1684 3079; x_wconf 82' lang='lat' dir='ltr'><strong><em>qui</em></strong></span> <span class='ocrx_word' id='word_1_228' title='bbox 1732 3012 1910 3063; x_wconf 79' lang='lat' dir='ltr'><strong><em>adhuc</em></strong></span> <span class='ocrx_word' id='word_1_229' title='bbox 1958 3012 2268 3062; x_wconf 80' lang='lat' dir='ltr'><strong><em>accuratius</em></strong></span> <span class='ocrx_word' id='word_1_230' title='bbox 2319 3011 2407 3062; x_wconf 83' lang='lat' dir='ltr'><strong><em>de-</em></strong></span> 
     </span>
    </p>

    <p class='ocr_par' dir='ltr' id='par_1_9' title="bbox 84 3081 2409 3222">
     <span class='ocr_line' id='line_1_28' title="bbox 84 3081 2409 3150; baseline -0.002 -12"><span class='ocrx_word' id='word_1_231' title='bbox 84 3099 131 3138; x_wconf 74' lang='lat'><strong><em>25</em></strong></span> <span class='ocrx_word' id='word_1_232' title='bbox 163 3085 353 3150; x_wconf 81' lang='lat' dir='ltr'><strong><em>scripti</em></strong></span> <span class='ocrx_word' id='word_1_233' title='bbox 402 3099 512 3136; x_wconf 86' lang='lat' dir='ltr'><strong><em>non</em></strong></span> <span class='ocrx_word' id='word_1_234' title='bbox 560 3089 710 3148; x_wconf 79' lang='lat' dir='ltr'><strong><em>sunt,</em></strong></span> <span class='ocrx_word' id='word_1_235' title='bbox 764 3087 1031 3148; x_wconf 76' lang='lat' dir='ltr'><strong><em>martyris</em></strong></span> <span class='ocrx_word' id='word_1_236' title='bbox 1081 3084 1368 3136; x_wconf 79' lang='lat' dir='ltr'><strong><em>Tarsensis</em></strong></span> <span class='ocrx_word' id='word_1_237' title='bbox 1416 3084 1730 3135; x_wconf 80' lang='lat' dir='ltr'><strong><em>Passionem</em></strong></span> <span class='ocrx_word' id='word_1_238' title='bbox 1783 3083 1952 3150; x_wconf 79' lang='lat' dir='ltr'><strong><em>(Bibl.</em></strong></span> <span class='ocrx_word' id='word_1_239' title='bbox 2002 3082 2129 3148; x_wconf 72' lang='lat' dir='ltr'><strong><em>hay.</em></strong></span> <span class='ocrx_word' id='word_1_240' title='bbox 2182 3081 2305 3136; x_wconf 80' lang='lat' dir='ltr'><strong><em>Lat.</em></strong></span> <span class='ocrx_word' id='word_1_241' title='bbox 2359 3083 2409 3147; x_wconf 91' lang='lat' dir='ltr'><strong><em>I,</em></strong></span> 
     </span>
     <span class='ocr_line' id='line_1_29' title="bbox 163 3151 2406 3222; baseline 0.001 -18"><span class='ocrx_word' id='word_1_242' title='bbox 163 3170 219 3208; x_wconf 87' lang='lat' dir='ltr'><strong><em>n.</em></strong></span> <span class='ocrx_word' id='word_1_243' title='bbox 256 3157 424 3217; x_wconf 89' lang='lat'><strong>1413)</strong></span> <span class='ocrx_word' id='word_1_244' title='bbox 460 3157 643 3222; x_wconf 86' lang='lat' dir='ltr'><strong><em>inesse,</em></strong></span> <span class='ocrx_word' id='word_1_245' title='bbox 680 3154 754 3210; x_wconf 90' lang='lat' dir='ltr'><strong><em>H.</em></strong></span> <span class='ocrx_word' id='word_1_246' title='bbox 792 3155 1027 3222; x_wconf 71' lang='lat' dir='ltr'><strong><em>Lebeque</em></strong></span> <span class='ocrx_word' id='word_1_247' title='bbox 1062 3160 1110 3208; x_wconf 86' lang='lat' dir='ltr'><strong><em>et</em></strong></span> <span class='ocrx_word' id='word_1_248' title='bbox 1144 3155 1211 3210; x_wconf 78' lang='lat' dir='ltr'><strong><em>F.</em></strong></span> <span class='ocrx_word' id='word_1_249' title='bbox 1247 3151 1464 3206; x_wconf 69' lang='lat' dir='ltr'><strong><em>Menbilc</em></strong></span> <span class='ocrx_word' id='word_1_250' title='bbox 1498 3171 1573 3210; x_wconf 84' lang='lat' dir='ltr'><strong><em>vv.</em></strong></span> <span class='ocrx_word' id='word_1_251' title='bbox 1613 3170 1680 3210; x_wconf 87' lang='lat' dir='ltr'><strong><em>cc.</em></strong></span> <span class='ocrx_word' id='word_1_252' title='bbox 1719 3158 1992 3206; x_wconf 78' lang='lat' dir='ltr'><strong><em>certiorem</em></strong></span> <span class='ocrx_word' id='word_1_253' title='bbox 2036 3169 2116 3205; x_wconf 89' lang='lat' dir='ltr'><strong><em>me</em></strong></span> <span class='ocrx_word' id='word_1_254' title='bbox 2156 3156 2406 3219; x_wconf 74' lang='lat' dir='ltr'><strong><em>fecerunt.</em></strong></span> 
     </span>
    </p>
   </div>
  </div>
 </body>
</html>
