3167 5192
1195 498 1659 556 PRAEFATIO.
2348 502 2548 558 XXIX

291 705 460 748 eum
511 679 836 767 quinque)
883 683 958 748 in
1002 682 1274 748 editione
1310 681 1607 763 principe
1650 681 1815 761 folia
1862 681 2166 764 39‘—-41‚
2221 682 2297 750 in
2340 684 2545 750 altera

288 771 644 837 voluminis
690 772 752 835 I.
788 793 944 854 pay.
999 776 1366 837 122—127.
1415 776 1691 852 occupat.

519 861 764 924 Eodem
829 860 966 940 fere
1031 867 1300 942 tempore
1369 858 1791 924 Iohannes
1866 861 1941 924 de
2018 859 2545 927 G'raudisson

294 948 631 1030 episcopus
666 948 1060 1014 Exoniensis
1079 949 1102 989 ¹
1147 943 1548 1030 (1327—69)
1596 946 1820 1012 tertiae
1851 947 2037 1028 parti
2080 948 2547 1030 compilationis

221 1061 253 1099 5
295 1037 662 1119 lituryicae,
698 1058 860 1118 quae
893 1036 1214 1119 ‘Leyenda
1244 1037 1319 1100 de
1348 1057 1470 1101 usu
1499 1035 1894 1100 Exoniensis
1923 1035 2234 1101 ecclesiae'
2263 1043 2542 1119 vocatur,

294 1125 477 1191 inter
525 1124 835 1191 ‘lectiones
867 1125 1182 1209 proprias
1227 1123 1609 1190 sanctorum'
1630 1125 1655 1163 ²
1701 1123 1916 1189 Nonis
1959 1124 2184 1189 Iuniis
2240 1123 2378 1207 (fol.
2428 1126 2541 1209 56)

296 1221 435 1280 tres
477 1213 770 1280 lectiones
813 1216 889 1280 de
916 1212 1260 1293 Bonifatio
1305 1233 1383 1278 ex
1425 1211 1633 1294 ipsius
1677 1211 1941 1277 dioecesi
1971 1212 2241 1278 oriundo
2270 1213 2548 1280 inseruit

301 1301 620 1385 (praescr.
678 1303 764 1366 In
809 1304 991 1368 festo
1052 1303 1277 1368 sancti
1323 1302 1685 1366 Bonefacii
1747 1302 2049 1386 episcopi
2108 1306 2181 1367 et
2241 1305 2543 1369 martiris

299 1393 783 1474 sociorumque
831 1393 994 1457 eius,
1091 1393 1182 1455 Et
1228 1395 1414 1468 nota,
1477 1390 1661 1473 quod
1720 1391 1794 1454 in
1855 1391 2096 1455 eadem
2158 1391 2268 1456 die
2329 1393 2545 1456 currit

201 1504 259 1543 10
300 1480 486 1545 alius
534 1483 814 1546 sanctus
848 1480 1263 1546 Bonefacius
1283 1480 1326 1558 ⁸,
1376 1481 1462 1544 de
1509 1498 1645 1562 quo
1690 1499 1831 1542 non
1869 1475 2337 1560 celebramus),
2385 1500 2546 1560 quae

297 1567 456 1634 item
500 1589 577 1632 ex
619 1568 992 1634 Willibaldo
1037 1570 1337 1650 pendent,
1383 1568 1496 1632 sed
1549 1565 1951 1632 Creditoniae
1995 1566 2070 1631 in
2114 1566 2340 1648 oppido
2398 1567 2545 1647 sini-

302 1657 461 1721 timo
522 1653 747 1735 (hodie
802 1655 1133 1738 Crediton)
1192 1655 1609 1735 Bonifatium
1666 1661 1889 1720 natum
1948 1675 2078 1720 esse
2135 1661 2355 1720 auctor
2410 1655 2546 1738 ipse

289 1745 554 1826 primus
598 1751 903 1827 quantum
947 1745 1076 1810 scio
1121 1743 1400 1810 asseruit
1413 1745 1457 1825 4,
1505 1743 1610 1808 his
1652 1743 1860 1808 verbis
1888 1743 2239 1825 incipiens:
2285 1745 2545 1810 Beatus

304 1835 727 1900 Bonefacius
772 1836 847 1898 in
879 1834 1412 1900 Westsaxonum
1459 1832 1813 1917 provincia-
1856 1833 2111 1916 Anglie
2157 1835 2342 1917 apud
2392 1833 2545 1898 Cre·

205 1945 262 1984 15
304 1925 645 1987 diboniam
691 1925 768 1986 in
815 1923 1130 1988 Devonia
1175 1945 1257 1989 ex
1304 1923 1488 1988 bona
1533 1925 1726 1985 ortus
1771 1922 2111 2005 prosapia,
2160 1942 2318 1986 cum
2365 1925 2546 1987 esset

304 2013 612 2094 quinque
707 2032 1075 2090 annorum,
1169 2012 1257 2076 ad
1347 2012 1565 2074 vibam
1656 2009 2104 2073 monasticam
2197 2010 2543 2076 anelabat.

305 2099 638 2164 Lectiones
683 2099 1011 2182 concludit,
1074 2120 1348 2181 poenam
1407 2118 1623 2163 eorum
1682 2117 2021 2178 enarrans,
2092 2097 2205 2178 qui
2259 2104 2546 2164 sanctum

303 2187 775 2267 interfecissent
833 2186 1228 2270 (Willibald.
1291 2209 1340 2252 c.
1391 2186 1459 2270 8)
1477 2209 1499 2252 .·
1558 2207 1682 2271 pro
1730 2187 1967 2270 spoliis
2024 2187 2413 2252 dividendis
2475 2208 2544 2252 se

302 2278 495 2360 ipsos
555 2280 796 2341 mutuo
855 2281 1313 2362 peremerunt.
1419 2275 1642 2340 Huius
1693 2275 2029 2356 Leyendae
2082 2274 2369 2356 codicem,
2436 2275 2547 2356 qui

207 2388 266 2426 20
304 2363 603 2430 ecclesiae
675 2364 880 2447 ipsius
953 2364 1190 2430 maiori
1265 2366 1344 2430 ab
1421 2370 1674 2429 auctore
1750 2385 1811 2428 a.
1867 2368 2057 2426 1366.
2128 2364 2291 2428 dono
2360 2365 2547 2428 datus

306 2452 612 2535 hodieque
654 2453 730 2518 in
775 2453 1144 2519 bibliotheca
1191 2451 1456 2536 capituli
1491 2450 1887 2516 Exoniensis
1932 2457 2295 2516 asservatur
2314 2451 2356 2533 ⁵,
2405 2451 2547 2531 offi-

306 2541 654 2607 ciosissime
711 2563 809 2606 me
866 2548 1130 2624 royante
1173 2541 1454 2625 inspectit
1494 2562 1550 2605 v.
1600 2561 1657 2605 r.
1703 2539 1807 2606 W.
1855 2539 1926 2606 J.
1973 2539 2308 2604 Edmonds
2366 2560 2547 2605 cano-

303 2629 492 2696 nicus
535 2629 928 2696 Exoniensis
971 2630 1257 2712 idemque
1306 2629 1639 2696 lectionum
1691 2648 1852 2709 quas
1896 2626 2038 2692 dioei
2082 2629 2158 2693 de
2201 2627 2547 2707 Bonifatio

299 2719 626 2800 eoeemplar
690 2739 928 2785 mecum
997 2718 1497 2784 communicavit.
1608 2715 1977 2781 Editionem
2043 2715 2348 2781 Herberti
2416 2716 2547 2781 Ed-

203 2831 262 2870 25
300 2807 514 2871 wardi
544 2806 656 2872 Re
670 2828 823 2890 yno
840 2808 994 2888 lds,
1038 2806 1359 2890 ‘Leyenda
1396 2811 1779 2885 sanctorum,
1821 2804 1959 2868 The
1990 2804 2236 2886 Proper
2265 2805 2546 2869 Lessons

299 2894 412 2974 for
459 2895 701 2960 Saints'
747 2896 937 2979 Days
981 2895 1324 2978 accordiny
1369 2901 1430 2960 to
1477 2895 1577 2958 the
1635 2914 1746 2959 use
1805 2893 1887 2973 of
1918 2893 2176 2974 Exeter,
2239 2892 2548 2976 compiled

301 2985 382 3066 by
426 2984 608 3050 John
654 2986 729 3049 de
770 2983 1198 3065 Grandisson‚
1247 2985 1382 3049 Vol.
1430 2984 1534 3064 II,
1569 2988 1753 3066 part.
1802 2982 1954 3062 III,
2002 2981 2353 3061 fasciculus
2401 2982 2453 3044 I
2449 2981 2499 3044 I
2505 2980 2542 3062 ',

301 3071 596 3137 nancisci
639 3073 800 3137 mihi
843 3093 974 3138 non
1019 3072 1199 3138 licuit
1217 3073 1261 3136 ⁶.

514 3160 809 3243 Denique
875 3168 1077 3227 textus
1135 3160 1395 3243 quintus
1461 3182 1494 3225 e
1551 3158 1926 3226 Willibaldo
1993 3164 2318 3241 excerptus
2384 3158 2551 3223 inest

203 3273 264 3313 30
300 3247 504 3314 codici
562 3249 962 3316 bibliothecae
1016 3247 1458 3316 universitatis
1518 3245 1993 3313 Vratislavi
2012 3247 2233 3312 ensis
2278 3248 2412 3313 IV.
2461 3247 2545 3337 F,

303 3478 356 3543 1)
393 3477 477 3530 De
511 3492 617 3544 quo
651 3477 724 3541 cf.
764 3477 826 3531 F.
868 3477 922 3532 0.
960 3476 1255 3542 Hinqeston
1271 3505 1297 3516 -
1314 3475 1623 3542 Randolph,
1663 3473 1975 3540 ‘Episcopal
2007 3474 2293 3541 Remum,
2333 3474 2546 3525 Diocese

302 3551 364 3613 of
395 3548 616 3613 Exeter,
660 3547 768 3601 The
802 3548 1047 3614 Reyister
1083 3547 1150 3611 of
1179 3546 1329 3599 John
1370 3548 1433 3598 de
1474 3545 1828 3598 Grandisson’
1855 3543 2070 3611 I-III,
2108 3543 2369 3596 Londt'nii
2407 3546 2548 3599 1894

300 3621 475 3686 —993
529 3619 728 3684 Geor-,qe
768 3617 960 3684 Oliver,
998 3619 1174 3670 ‘Lives
1223 3619 1288 3682 of
1328 3618 1412 3669 the
1450 3617 1683 3682 Bishops
1731 3618 1793 3680 of
1822 3615 2062 3681 Emeter’,
2101 3615 2351 3667 Est-oniae
2390 3616 2547 3679 1861,

296 3706 354 3756 p.
383 3692 454 3745 75
476 3706 588 3757 sqq.
604 3705 629 3753 ,·
662 3689 744 3744 W.
781 3690 954 3755 Hunt,
992 3689 1334 3754 ‘Dictionary
1369 3688 1436 3752 of
1464 3687 1727 3739 National
1762 3686 2104 3752 Bioyraphy’
2144 3685 2338 3752 XXII,
2389 3687 2545 3750 1890,

209 3775 268 3816 35
292 3778 354 3828 p.
391 3763 496 3816 371
524 3777 600 3827 sq·
716 3759 774 3829 2)
811 3759 1058 3814 Praescr.
1095 3757 1302 3827 Incipit
1323 3757 1498 3811 tercia
1531 3774 1659 3826 pars
1697 3755 1928 3825 legende
1954 3754 2280 3809 Exoniensis
2315 3772 2443 3808 usus
2480 3754 2547 3807 de

302 3829 522 3898 sanctie,
549 3831 844 3899 compilato
868 3846 968 3898 per
989 3829 1296 3883 Iohannem
1321 3828 1390 3882 de
1411 3827 1783 3882 Grandia-naono
1809 3826 2142 3895 episcopum.
2237 3828 2294 3894 3)
2326 3828 2548 3891 Martyr

311 3903 598 3955 Tarsensis
627 3904 842 3969 saepius
877 3903 1048 3954 eodem
1085 3902 1171 3952 die
1194 3901 1485 3952 celebratus
1507 3905 1583 3952 est
1620 3901 1715 3966 (cf.
1746 3915 1806 3965 p.
1831 3897 2117 3964 XXVIII,
2140 3901 2215 3958 9).
2313 3899 2370 3965 4)
2400 3897 2547 3949 Idem

302 3973 796 4025 Ad-Escancastre
828 3972 1128 4025 coenobium
1152 3972 1426 4024 Exoniam
1457 3986 1564 4023 esse
1598 3975 1731 4022 recte
1758 3971 2036 4036 perspexit
2070 3969 2257 4034 (infra
2284 3985 2344 4035 p.
2373 3970 2423 4034 6,
2447 3969 2546 4033 27)

301 4059 464 4110 neque
500 4045 776 4096 Danielem
811 4046 1108 4111 episcopum
1157 4042 1516 4095 Wintoniensi
1561 4043 1769 4093 civitati
1802 4040 2199 4092 attribuendum
2246 4053 2352 4092 esse
2401 4040 2547 4103 tyno-

213 4130 269 4168 40
302 4117 447 4167 ravit
501 4115 577 4183 (p.
618 4118 702 4180 19,
738 4115 848 4184 26).
1042 4114 1098 4180 ὅ)
1150 4112 1233 4178 Cf.
1276 4111 1350 4167 Η.
1405 4113 1698 4178 Reynolds,
1758 4112 1827 4164 ‘A
1882 4111 2031 4163 short
2085 4111 2295 4177 history
2349 4108 2415 4172 of
2463 4107 2547 4159 the

302 4188 511 4239 ancient
547 4186 760 4238 Diocese
795 4187 859 4250 of
887 4183 1134 4252 Emeter’,
1171 4183 1422 4236 Exomae
1463 4185 1621 4249 1895,
1668 4183 1893 4252 append.
1936 4199 1995 4249 p.
2032 4182 2137 4236 IX.
2177 4209 2245 4218 —-
2281 4179 2549 4231 Iohannes

302 4257 428 4308 Lel
440 4273 528 4308 an
548 4257 586 4308 d
598 4272 676 4308 us
710 4257 933 4308 codicem
969 4271 1098 4310 saec.
1137 4255 1201 4307 X
1208 4255 1300 4312 VI,
1337 4255 1486 4319 vidit,
1521 4269 1548 4304 e
1584 4256 1739 4305 cuius
1773 4256 1917 4305 notis
1951 4268 2127 4304 omnes
2152 4250 2402 4318 pendent,
2451 4251 2550 4317 qui

294 4335 484 4395 postea
525 4328 886 4379 Oreditoniam
914 4328 1162 4393 patriam
1199 4325 1474 4390 Bonifatii
1506 4325 1679 4389 fuisse
1714 4324 2037 4376 rettulerunt
2048 4341 2069 4386 ,·
2104 4323 2177 4385 cf.
2217 4321 2377 4385 infra
2405 4337 2465 4387 p.
2492 4321 2544 4386 5,

301 4416 358 4451 n.
394 4401 445 4452 2.
583 4397 638 4467 6)
677 4396 802 4449 Vidi
838 4399 1152 4462 fasciculum
1179 4398 1428 4464 primum
1451 4396 1681 4448 eiusdem
1709 4397 1897 4462 partis
1921 4393 2205 4459 (Londinii
2231 4393 2413 4457 1880),
2453 4392 2551 4458 qui

212 4483 270 4522 45
303 4485 501 4521 menses
537 4469 867 4521 Decembrem
905 4473 953 4521 et
990 4467 1320 4520 Ianuarium
1355 4467 1731 4533 complectitur.
