3167 5192
379 509 624 566 VITAE
658 472 1060 567 Romi-Am
1096 512 1455 569 AUCTORE
1491 511 1797 569 ommno
1833 510 2070 567 mmm
2092 509 2140 569 1.
2273 514 2384 567 133

124 706 293 785 (20).
423 710 959 775 GREGORIUS1
1026 715 1353 777 SERVUS
1424 718 1585 777 ΗΕΒ
1596 717 1899 777 VORUM
1961 715 2133 775 DEI
2203 714 2374 775 UNI·
2393 730 2614 780 Epium.

599 802 867 863 VERSO
924 804 1268 865 POPULO
1334 804 1928 866 TURINGORUM.

363 924 650 985 Dominus
706 926 869 986 Iesus
917 926 1197 999 Christus,
1256 928 1415 1001 filius
1469 928 1608 1000 Dei,
1663 928 1824 988 Deus
1879 945 2066 998 verus,
2125 947 2160 1003 q
2173 928 2250 986 ui
2306 927 2377 987 de

127 1012 315 1073 caelo
380 1015 681 1085 descendit,
748 1016 909 1076 homo
980 1018 1170 1087 factus
1235 1022 1335 1087 est,
1393 1036 1511 1091 pro
1576 1017 1741 1077 nobis
1794 1017 1932 1092 pati
1997 1021 2051 1075 et
2116 1015 2375 1091 coucifiyi

64 1118 93 1157 ε
126 1101 421 1200 diynatus
464 1106 547 1161 est
587 1108 642 1162 et
683 1104 933 1177 sepultus
976 1105 1155 1164 tercia
1197 1105 1291 1164 die
1332 1106 1657 1165 resurrexit
1699 1124 1735 1164 a
1771 1105 2014 1164 mortuis
2042 1109 2096 1163 et
2123 1104 2376 1163 ascendit

126 1189 195 1247 in
261 1191 393 1249 cael
406 1209 445 1249 u
459 1209 543 1261 m,
603 1191 903 1267 discipulis
959 1192 1132 1251 etiam
1188 1193 1309 1253 suis
1364 1194 1579 1253 sanctis
1636 1193 1754 1253 ait:
1807 1192 2090 1251 Euntes⁸
2155 1192 2373 1251 docete

130 1294 373 1336 omnes
420 1282 661 1354 gentem
717 1280 1111 1356 baptizantes
1170 1299 1277 1340 eos
1321 1283 1389 1340 in
1442 1284 1697 1341 nomine
1741 1282 1946 1341 Patris
2003 1284 2069 1339 et
2111 1280 2251 1338 Filii
2309 1284 2374 1339 et

130 1366 423 1441 Spiritus
470 1369 691 1439 sancti,
740 1368 863 1442 ipse
904 1368 970 1428 in
1011 1387 1071 1428 se
1113 1369 1464 1429 credentibus
1506 1372 1688 1429 vitam
1745 1374 2034 1429 aeter-nam
2074 1368 2371 1441 promisit.

136 1452 456 1527 Gupientes
511 1474 643 1531 erqo
698 1474 800 1515 vos
854 1457 917 1515 in
976 1462 1317 1531 perpetuum
1382 1459 1670 1517 nobiscum
1736 1458 2007 1532 aaudere,
2073 1457 2173 1515 ubi
2238 1455 2375 1528 finis

44 1560 96 1599 ιο
130 1542 268 1601 null
284 1560 371 1601 us
413 1547 497 1603 est
538 1562 639 1603 nec
681 1544 979 1604 tribulatio
1022 1564 1121 1604 nec
1164 1546 1361 1620 aliqua
1407 1546 1754 1616 amaritud0‚
1800 1545 1898 1604 sed
1939 1544 2130 1619 yloria
2171 1545 2372 1619 sempi-

134 1634 339 1701 terna,
383 1631 509 1691 ideo
556 1634 805 1703 fratrem
848 1638 1106 1693 nostrum
1162 1634 1579 1695 sanctissimum
1623 1634 1997 1705 Bonifatium
2052 1633 2374 1707 episcopum

134 1718 219 1777 ad
266 1736 374 1778 vos
417 1719 756 1791 direximus,
799 1726 866 1780 ut
907 1737 1006 1781 vos
1048 1722 1243 1781 debeat
1287 1723 1579 1796 baptizare
1623 1727 1677 1781 et
1719 1721 1887 1794 fidem
1922 1719 2141 1780 Christi
2179 1721 2374 1780 docere

134 1812 191 1865 et
241 1808 321 1865 ab
366 1826 563 1868 errore
606 1809 684 1867 ad
738 1808 895 1868 viam
951 1799 1196 1870 salutisb
1249 1810 1535 1881 deducere,
1594 1815 1660 1870 ut
1715 1810 1953 1869 salutem
2009 1809 2264 1867 habeatis
2320 1812 2374 1867 et

134 1895 332 1954 vitam
397 1896 817 1969 sempiternam.
925 1896 1038 1957 Sed
1102 1916 1202 1957 vos
1266 1899 1320 1957 ei
1384 1899 1448 1957 in
1514 1898 1771 1957 omnibus
1836 1897 2049 1975 obedite
2114 1902 2168 1956 et
2227 1897 2374 1955 sicut

50 2000 101 2039 15
125 1988 376 2057 patrem
417 1989 668 2043 vestrum
708 1986 875 2043 illum
918 1985 1189 2045 honorate
1232 1990 1286 2045 et
1328 1987 1406 2045 ad
1450 1987 1570 2045 eius
1615 1985 1936 2045 doctrinam
1979 1984 2156 2044 corda
2182 1989 2374 2043 vestra

134 2071 443 2142 inclinate,
489 2072 627 2146 quia
669 2073 835 2132 illum
878 2092 992 2133 non
1024 2092 1143 2148 pro
1188 2075 1345 2134 lucro
1390 2075 1583 2149 aliquo
1616 2074 1918 2148 temporali
1947 2072 2360 2147 conquirendo⁰

135 2159 504 2230 direximus,
570 2161 668 2220 sed
729 2178 848 2235 pro
915 2162 1072 2221 lucro
1139 2162 1467 2221 animarum
1530 2167 1854 2221 vestrarum
1927 2161 2004 2221 ad
2074 2178 2174 2220 vos
2247 2178 2373 2219 eum

135 2248 429 2307 misimus.
541 2248 790 2324 Diliqite
854 2268 987 2325 erqo
1051 2248 1240 2311 Deum
1305 2256 1359 2310 et
1422 2251 1487 2309 in
1552 2250 1779 2309 nomine
1843 2250 1964 2309 eius
2031 2249 2373 2323 baptismum

140 2336 441 2409 suscipite,
487 2338 624 2411 quia
667 2338 929 2397 dominus
970 2336 1132 2397 Deus
1186 2343 1395 2409 noster,
1455 2339 1606 2413 quod
1661 2338 1852 2398 oculus
1910 2337 2156 2397 hominis
2201 2354 2371 2395 num-

53 2440 106 2478 20
140 2414 364 2498 quam‘l
398 2424 549 2483 vidit
590 2443 689 2485 nec
731 2426 795 2484 in
840 2443 938 2485 cor
980 2426 1224 2485 hominis
1267 2428 1539 2497 ascendit,
1574 2424 1962 2501 preparavit0
2008 2425 2373 2499 diliyentibus

139 2529 221 2571 se.
319 2511 453 2571 Iam
494 2513 735 2572 recedite
778 2532 815 2572 a
859 2515 1031 2573 malis
1074 2515 1336 2588 operibus
1382 2520 1436 2575 et
1492 2516 1644 2590 ayite
1658 2502 1685 2545 f
1738 2515 1904 2587 bene;
1960 2531 2073 2573 non
2117 2513 2370 2573 adoretis

141 2600 307 2659 idola
352 2619 453 2660 nec
492 2601 794 2661 immoletis
852 2620 1070 2672 carnes,
1130 2603 1268 2677 quia
1310 2601 1471 2662 Deus
1528 2621 1641 2662 non
1696 2601 1905 2676 recipit
1959 2601 2094 2671 ista,
2152 2600 2250 2660 sed
2305 2600 2372 2659 in

142 2688 428 2758 omnibus,
483 2690 785 2748 secundum
842 2691 990 2765 quod
1045 2708 1145 2750 vos
1190 2690 1394 2762 'frater
1450 2696 1641 2750 noster
1697 2689 2041 2761 Bonifatius
2097 2688 2369 2757 docuerit,

143 2776 440 2836 observate
482 2782 537 2836 et
579 2778 749 2852 wite,
807 2783 861 2837 et
904 2778 1053 2837 salvi
1097 2779 1263 2838 eritis
1312 2783 1367 2838 et
1422 2778 1537 2850 filii
1593 2778 1769 2837 vestri
1825 2778 1891 2837 in
1945 2777 2367 2851 sempiternum.

53 2879 106 2918 25
142 2864 355 2923 Facite
397 2883 527 2941 erqo
573 2871 627 2924 et
683 2866 928 2936 domum,
986 2867 1085 2925 ubi
1143 2867 1337 2926 debeat
1390 2868 1514 2941 ipse
1559 2872 1737 2940 pater
1791 2870 1975 2925 vester
2029 2864 2364 2939 episcopus&

142 2952 411 3012 habitare
453 2958 507 3013 et
548 2954 827 3031 ecclesias,
871 2955 970 3014 ubi
1012 2955 1260 3014 debeatis
1302 2974 1490 3025 orare,
1549 2959 1615 3013 ut
1656 2953 1818 3013 Deus
1867 2953 2026 3013 vobis
2079 2952 2372 3026 indulyeat

134 3046 379 3113 peccata
419 3046 613 3101 vestra
654 3048 709 3101 et
750 3043 917 3101 donet
958 3043 1116 3103 vobis
1158 3043 1339 3102 vitam
1372 3048 1731 3117 perpetuam.

142 3226 299 3305 (21).
413 3231 949 3293 GREGORIUS²
1002 3235 1227 3295 PAPA
1288 3234 1717 3296 UNIVERSO
1773 3234 2115 3295 PoPULo
2173 3233 2368 3295 PRO·
2388 3248 2528 3297 Epist.
2543 3248 2613 3287 21.

766 3320 1121 3383 VINOIAE
1160 3322 1757 3383 ALTSAXONUM.

57 3459 109 3500 so
364 3443 729 3519 Sapientibus
771 3450 826 3504 et
852 3445 1251 3519 insipientibus
1280 3447 1501 3507 debitor
1528 3464 1674 3517 sum,
1708 3449 1788 3518 fr
1801 3465 1838 3505 a
1853 3451 1925 3506 tr
1937 3464 2007 3505 es
2051 3446 2369 3515 karissimi,

141 3532 459 3607 ideoque
500 3534 692 3593 volens
732 3550 833 3594 vos
874 3534 1041 3603 scir,e
1078 3536 1299 3609 qualem
1327 3534 1767 3595 sollicitudinem
1799 3535 2034 3594 habeam
2069 3552 2184 3608 pro
2214 3534 2372 3593 vobis

142 3626 199 3679 et
232 3640 307 3695 p»
306 3639 354 3680 o
399 3620 508 3690 his,
568 3622 667 3695 qui
709 3622 941 3680 verbnm
996 3623 1412 3682 exhortationis
1467 3622 1604 3695 fidei
1647 3622 1782 3683 Iesu
1829 3621 2050 3681 Christi
2105 3608 2363 3681 dominih

144 3708 335 3767 nostri
392 3715 755 3783 susceperunt
813 3714 866 3768 et
923 3710 1022 3784 qui
1080 3711 1263 3770 adhuc
1317 3711 1636 3812 susceptum
1691 3715 1842 3780 sunt,
1897 3714 1963 3768 ut
2020 3710 2373 3770 consolentur

144 3797 327 3856 corda
370 3801 560 3856 vestra
602 3798 887 3857 instructa
928 3798 993 3857 in
1037 3798 1279 3858 caritate
1322 3804 1377 3859 et
1418 3800 1484 3859 in
1527 3817 1658 3859 omn
1671 3799 1696 3858 i
1734 3798 2065 3873 plenitudin
2078 3817 2108 3857 e
2150 3798 2369 3871 sapien-

62 3997 111 4038 35
364 3998 467 4039 vn.
522 3999 654 4049 capp.
683 3999 749 4039 20.
779 4000 845 4040 21.
903 4001 941 4042 1.
973 4000 1151 4041 zadae.

145 4104 191 4149 a)
220 4102 396 4143 Rumon
423 4122 473 4133 —-
502 4101 580 4152 sp.
610 4103 754 4143 sancti
786 4116 871 4144 om.
900 4105 967 4145 sb.
1103 4104 1149 4152 b)
1184 4104 1392 4144 salutaris
1407 4104 1463 4155 (ἲ)
1492 4106 1532 4154 1,
1563 4116 1678 4144 corr.
1814 4104 1859 4156 ο)
1896 4105 1960 4143 ita
1986 4107 2036 4155 ις
2073 4106 2243 4155 acquir.
2273 4105 2370 4144 rell.

145 4156 323 4248 gano?-
342 4156 404 4195 2⁶.
524 4159 567 4205 e)
594 4157 717 4197 Deus
744 4158 846 4197 aad.
878 4156 953 4209 (1).
982 4157 1023 4199 8.
1141 4158 1175 4207 t)
1204 4157 1320 4197 bene
1347 4168 1421 4207 ag.
1452 4158 1523 4196 2ο.
1642 4160 1688 4207 3)
1715 4159 1777 4197 ita
1806 4160 1853 4207 13
1883 4169 1967 4197 oon.
1997 4159 2093 4197 rell.
2211 4159 2258 4209 h)
2286 4159 2372 4197 Dei

151 4385 206 4451 1)
257 4384 413 4449 Jaffe‘
451 4402 504 4439 n.
545 4388 613 4440 26
658 4392 736 4452 (p.
772 4387 902 4451 87)‚·
946 4386 1227 4436 Dtlmmler
1268 4402 1323 4441 n.
1360 4388 1431 4441 25
1476 4388 1558 4453 (p.
1596 4388 1744 4452 274).
1905 4388 1962 4454 2)
2013 4386 2172 4453 Jaffe‘
2211 4404 2265 4444 n.
2302 4390 2373 4445 22

67 4468 116 4508 40
150 4457 223 4522 (p.
262 4458 386 4521 81),·
432 4456 711 4507 Dammler
754 4472 807 4510 n.
845 4458 914 4510 21
960 4457 1034 4522 (p.
1072 4457 1215 4522 269).
