3167 5192
458 874 693 967 Wllilgald.

530 939 565 967 c.
610 955 622 967 .

716 519 819 572 126
950 513 1193 571 VITAE
1230 512 1631 569 BONIFATII
1667 511 2027 567 AUCTORE
2065 511 2374 567 OTLOHO
2411 510 2649 566 LIBER
2673 510 2716 565 L
3122 438 3127 567 i

715 696 1289 773 conviatorem1,
1360 697 1555 760 cuius
1625 696 1829 761 etiam
1898 697 2158 761 virtute
2235 698 2444 779 atque
2521 694 2956 778 protectione

715 788 1073 865 suffultae,
1120 806 1551 870 quocumque
1609 786 1929 869 perrexit,
1991 786 2247 869 ubique
2305 804 2538 849 sacrae
2595 784 2955 848 doctrinae

716 878 1043 941 noticiam
1093 875 1435 941 dilatavit.
1514 879 1800 956 Cumque
1845 881 2169 956 ingentem
2214 880 2487 937 Domino
2531 879 2838 953 populum
2888 878 2956 934 in

714 972 955 1030 Fresia
1001 971 1508 1046 predicando
1554 970 1922 1044 acquireret,
1957 970 2264 1043 multique
2296 970 2376 1025 ab
2423 968 2598 1025 eius
2636 965 2948 1041 spiritalia
3125 994 3127 999 ·

714 1062 1002 1119 doctrina
1046 1060 1318 1128 educati,
1366 1059 1449 1115 ad
1495 1059 1884 1133 agnitionem
1930 1058 2213 1115 veritatis
2259 1058 2683 1133 pervenirent,
2731 1057 2952 1123 adeo,
2990 1072 3015 1110 5
3122 1010 3127 1159 i

714 1155 801 1207 ut
848 1150 1281 1225 supradictum
1326 1149 1555 1215 locum,
1590 1148 1690 1205 cui
1721 1148 1959 1222 gemini
1989 1151 2282 1221 preerant
2313 1147 2618 1221 germani,
2652 1132 2947 1202 Dietichb

712 1240 1007 1297 videlicet
1051 1243 1117 1296 et
1160 1237 1418 1306 Dierolf,
1467 1237 1726 1295 domino
1771 1236 1930 1293 Deo
1992 1236 2356 1303 auxiliante,
2408 1235 2694 1292 obtinen
2711 1252 2772 1303 s,
2835 1234 2957 1290 col-

713 1330 878 1386 lecta
950 1342 1092 1385 non
1167 1342 1390 1405 pauca
1457 1327 1809 1383 fratrum
1877 1326 2362 1399 congregatione
2384 1367 2398 1393 ,
2469 1323 2955 1380 monasterium

714 1420 1177 1476 construeret.
1281 1416 1461 1474 Tunc
1524 1416 1769 1473 etiam
1833 1415 1990 1471 alias
2039 1414 2414 1471 Germaniae
2475 1416 2691 1488 partes
2755 1411 2956 1486 predi-

714 1508 901 1565 candi
976 1523 1169 1563 causa
1252 1505 1442 1574 adjit,
1519 1505 1866 1561 Hessones
1951 1500 2390 1560 videlicet⁰
2475 1502 2554 1557 in
2631 1500 2955 1557 Saxonum
2993 1516 3038 1553 ιο

714 1585 1105 1654 confinio‘1
1164 1596 1505 1670 positos.
1617 1592 1831 1665 Quos
1899 1609 2072 1649 cum
2141 1592 2429 1648 similiter
2486 1608 2524 1647 a
2584 1590 2956 1664 paganicae

716 1685 1205 1760 superstitionis
1283 1684 1511 1740 cultu
1587 1698 1875 1756 magna
1951 1698 2040 1737 ex
2115 1684 2348 1755 parte
2430 1682 2957 1736 converteret

716 1776 1069 1849 multaque
1159 1774 1347 1829 milia
1435 1772 1768 1828 hominum
1857 1770 2336 1845 baptismatis
2437 1771 2956 1825 sacramento

716 1862 1156 1931 abluisset,
1236 1861 1460 1917 misit
1528 1861 1925 1935 quendam
1993 1876 2084 1916 ex
2151 1859 2310 1915 suis
2378 1858 2632 1914 fidelem
2699 1857 2956 1914 nomine

716 1953 966 2008 Binnan
1012 1951 1108 2007 ad
1156 1950 1421 2007 Romam
1466 1966 1640 2006 cum
1685 1948 1940 2019 literis,
1999 1947 2506 2005 denuntians
2552 1945 2956 2003 venerando
2990 1959 3034 1996 15
3124 1924 3127 2091 Ι

715 2040 1028 2115 presuli
1118 2038 1471 2113 apostolico
1562 2038 1890 2105 universa,
1983 2054 2144 2112 quae
2221 2036 2384 2093 circa
2457 2036 2640 2091 illum
2727 2035 2956 2090 divina

716 2131 1029 2205 pietas
1108 2128 1450 2202 egerit,
1529 2130 2069 2201 quantaque
2138 2124 2482 2182 multitudo
2550 2120 2952 2190 hominumss,

719 2218 989 2276 sancti
1067 2215 1349 2291 Spiritus
1440 2216 1708 2290 gratia
1797 2215 2179 2283 illustra-ta,
2272 2212 2764 2289 regenerationis
2847 2212 2953 2268 la-

716 2324 1042 2364 vacrum
1112 2306 1204 2363 ab
1274 2322 1359 2362 eo
1428 2306 1857 2379 susceperit.
1965 2302 2090 2360 Sed
2145 2307 2210 2359 et
2267 2304 2346 2359 de
2405 2302 2591 2359 rebus
2661 2301 2950 2367 variiS,

718 2414 878 2472 quae
932 2397 1015 2453 ad
1068 2396 1450 2452 cotidianam
1509 2394 1838 2467 regulae
1899 2392 2448 2471 ecclesiasticae
2507 2391 2952 2448 necessitatem
2987 2402 3034 2440 20

716 2486 1057 2561 populique
1103 2485 1430 2540 noviter
1493 2483 1872 2540 conversi
1937 2498 2206 2539 curam
2252 2467 2724 2555 pertinebantf,
2772 2497 2950 2553 pru-

720 2575 950 2631 denti
995 2574 1544 2648 interrogatione
1591 2571 1981 2645 conscripsit.
2049 2570 2405 2627 Predictus
2443 2586 2630 2626 vero
2677 2569 2950 2643 legatus

717 2667 1059 2721 cuncta
1123 2662 1306 2719 sibi
1375 2662 1868 2719 commissa
1935 2659 2382 2716 fideliter
2451 2659 2947 2731 conplenS,

717 2753 1078 2827 apostolico
1124 2750 1489 2826 presuli
1535 2751 1874 2806 missas
1922 2748 2256 2805 detulit
2302 2748 2653 2814 literas,
2701 2746 2950 2803 alias-

717 2860 884 2916 que
949 2840 1096 2898 abg
1146 2840 1317 2896 illo
1382 2856 1658 2913 super
1721 2838 2208 2895 universis
2273 2835 2948 2911 questionibus
2985 2846 3031 2883 25

717 2930 1251 3005 propositis
1328 2929 1945 2986 continentes
2013 2942 2336 3000 responsa
2411 2925 2716 2999 magistro
2795 2940 2948 2980 suo

720 3019 1197 3086 deferens,
1268 3016 1834 3092 quantotius
1903 3016 2193 3072 rediit.
3125 3028 3127 3081 ς

932 3101 1081 3178 (12).
1206 3105 1366 3163 Cum
1442 3110 1746 3162 autem
1823 3108 2080 3161 sanctus
2157 3104 2253 3159 vir
2328 3104 2616 3159 delatas
2694 3098 2949 3177 legisset

716 3198 932 3253 literas
999 3214 1066 3253 se
1091 3214 1130 3270 q
1156 3214 1197 3252 u
1220 3212 1255 3251 e
1317 3197 1406 3252 in
1428 3200 1457 3252 t
1481 3212 1515 3251 e
1539 3212 1570 3251 r
1633 3212 1666 3251 c
1692 3212 1726 3268 e
1750 3197 1779 3250 t
1801 3210 1836 3250 e
1859 3212 1890 3249 r
1913 3211 1951 3249 a
2013 3194 2354 3249 invitatum
2414 3193 2498 3249 ad
2544 3192 2815 3249 Romam
2864 3193 2948 3248 in-

715 3286 929 3343 tellexi
954 3304 983 3341 s
1010 3304 1039 3341 s
1064 3302 1098 3341 e
1122 3288 1183 3353 t,
1249 3302 1312 3339 m
1338 3301 1373 3340 o
1397 3303 1437 3340 x
1499 3301 1822 3340 summum
1869 3282 2261 3358 obedientiae
2316 3280 2587 3355 gradum
2644 3267 2942 3355 implereh
2983 3290 3028 3329 ⁵0

718 3374 1227 3432 contendens
1248 3416 1262 3441 ,
1325 3373 1628 3429 clientum
1675 3372 2106 3445 fratrumque
2165 3370 2624 3444 circumseptus
2677 3370 2945 3443 agmine,

716 3464 937 3521 Italiae
996 3463 1155 3519 fines
1213 3479 1251 3518 a
1277 3461 1476 3517 diit.
1591 3463 1732 3529 At,
1795 3446 2150 3517 Romanae¹
2224 3458 2396 3515 urbis
2458 3459 2752 3515 menibus
2815 3474 2948 3515 con-

716 3539 1019 3627 spectisk,
1068 3550 1707 3624 omnipotenti
1752 3550 1929 3605 Deo
1976 3546 2321 3622 condignas
2352 3548 2700 3621 gratiarum
2732 3548 2947 3603 laudes

718 3642 1045 3697 retulit
1120 3656 1483 3714 seseque
1556 3639 1972 3695 beatorum
2062 3636 2716 3711 apostolorum
2810 3653 2949 3709 pa-

717 3730 1133 3786 trocinio
1210 3728 1918 3785 commendavit.
2034 3726 2420 3793 Deinde,
2499 3728 3026 3798 conperto&

715 3819 1031 3874 sancti
1076 3818 1261 3874 viri
1306 3818 1664 3885 adventa,
1715 3816 2042 3872 statim
2089 3814 2688 3871 venerabilis
2735 3830 2950 3888 papa

719 3905 1097 3980 Gregorius
1166 3905 1435 3962 illum
1504 3906 1608 3962 ad
1679 3923 1768 3962 se
1835 3904 2196 3961 invitavit
2272 3907 2359 3960 et
2426 3903 2745 3960 verbis
2825 3903 2950 3959 fa·

718 3996 1262 4052 miliaribus
1355 3981 1803 4052 salutatuml
1907 3993 2448 4049 honorifico
2545 3992 2950 4049 xenodochio

720 4086 762 4141 d
786 4102 819 4141 e
843 4104 884 4159 p
909 4104 951 4141 u
975 4088 1003 4141 t
1026 4102 1065 4141 a
1088 4104 1129 4139 v
1152 4086 1173 4140 i
1196 4088 1241 4141 t.
1360 4085 1758 4140 Adveniente
1825 4081 2086 4156 itaquem
2142 4086 2449 4155 oportuno
2519 4080 2948 4137 collocutionis

931 4235 1034 4274 V11.
1094 4234 1227 4283 capp.
1260 4236 1325 4273 11.
1358 4234 1423 4272 12.
1481 4236 1519 4272 1.
1552 4234 1730 4271 2a.b.c.
2979 4232 3023 4269 40

717 4306 761 4358 a)
791 4307 852 4344 ita
880 4306 923 4355 1;
954 4306 1175 4353 spirituali
1201 4306 1299 4345 rell.
1401 4306 1445 4353 b)
1475 4305 1538 4342 ita
1557 4306 1596 4343 1.
1617 4304 1687 4349 20;
1719 4304 1871 4342 Dietih
1899 4303 1995 4342 rell.
2099 4308 2138 4350 c)
2169 4302 2339 4341 scilicet
2369 4304 2406 4340 1.
2509 4298 2557 4347 d)
2586 4300 2788 4342 confiniii
2803 4300 2858 4353 (ἲ)
2887 4303 2948 4348 iza,

713 4370 830 4398 corr.
942 4361 983 4407 e)
1015 4370 1099 4397 om.
1132 4360 1197 4398 2b.
1308 4359 1342 4407 f)
1372 4359 1627 4408 pertinebat
1656 4358 1721 4395 2b.
1841 4358 1884 4403 g)
1915 4355 1971 4395 de
1999 4357 2064 4394 20.
2184 4356 2231 4406 h)
2260 4356 2323 4393 ita
2350 4358 2389 4393 1.
2421 4356 2492 4405 203
2523 4355 2664 4402 (impl.
2699 4355 2803 4405 om.)
2835 4360 2947 4393 cont.

720 4410 1039 4461 (conscendens
1068 4412 1195 4461 2b.d)
1225 4413 1322 4451 rell.
1460 4412 1493 4458 i)
1530 4412 1674 4450 Rome
1703 4414 1742 4459 1,
1771 4420 1886 4448 corr.
2025 4410 2072 4461 k)
2109 4410 2171 4447 ita
2200 4411 2248 4459 1;
2287 4409 2500 4457 inspectis
2533 4408 2630 4446 rell.
2771 4409 2804 4455 1)
2841 4410 2950 4446 salu-

716 4467 833 4505 tavit
861 4467 925 4504 2⁶.
1036 4469 1095 4514 m)
1124 4466 1190 4503 ita
1218 4469 1263 4516 13
1294 4476 1403 4505 vero
1432 4466 1525 4503 rell.

717 4588 773 4659 1)
816 4589 994 4641 Comes
1029 4591 1255 4643 itineris.
1332 4590 1581 4655 Canyeus.
2978 4594 3021 4635 45
