3167 5192
706 496 811 550 148
944 492 1183 547 VITAE
1218 492 1622 549 BONIFATII
1657 492 2015 550 AUCTORE
2053 493 2361 551 OTLOHO
2397 494 2632 550 LIBER
2655 496 2700 553 Ι.

3153 626 3155 659 Ι

3153 664 3155 707 ι

705 789 745 829 u
760 771 819 829 ti
834 771 1059 830 litate
1102 771 1169 829 in
1210 789 1323 830 uno
1366 772 1594 831 morari
1637 772 1793 845 loco;
1836 772 1954 842 sed,
2000 772 2358 845 confirmatis
2387 774 2649 832 cordibus
2678 776 2954 845 fratrum
3150 736 3155 925 ἰ

706 864 761 919 et
802 860 1054 919 omnium
1100 858 1376 932 fidelium,
1436 861 1535 934 qui
1594 878 1786 919 rares
1799 865 1946 920 cunt
2001 861 2066 919 in
2125 862 2250 921 illis
2292 861 2598 936 Hesperiis
2645 862 2950 937 partibus,

705 948 805 1007 ubi
851 948 957 1007 tibi
1001 948 1291 1007 Dominus
1334 950 1628 1023 aperuerit
1669 950 1828 1008 viam
1885 949 2112 1020 salutis,
2160 951 2473 1024 predicare
2527 970 2642 1010 non
2697 952 2948 1010 desistas

705 1042 779 1108 et,
825 1037 923 1097 ubi
968 1038 1151 1096 locum
1194 1038 1481 1096 inveneris
1508 1026 1957 1110 necessariumb,
1987 1040 2292 1099 secundum
2321 1040 2655 1099 canonicam
2682 1040 2946 1115 reyulam
2997 1058 3032 1095 ε»

706 1127 995 1201 episcopos
1038 1126 1249 1186 ordina
1292 1144 1366 1185 ea:
1406 1132 1610 1199 nostra
1652 1128 1774 1186 vice
1819 1127 1911 1187 et⁰
1967 1128 2341 1202 apostolicam
2399 1134 2566 1203 atque
2609 1130 2946 1188 canonicam

709 1215 1079 1274 traditionem
1135 1232 1227 1275 eos
1286 1220 1470 1275 tenere
1527 1215 1720 1275 edoce.
1813 1216 1918 1275 Ea·
1973 1217 2077 1276 hoc
2133 1217 2286 1276 enim
2343 1234 2613 1293 maynum
2669 1218 2948 1276 mercedis

696 1304 989 1378 premium
1034 1304 1141 1363 tibi
1173 1304 1547 1379 preparabis,
1596 1306 1866 1379 quoniam
1911 1306 2282 1380 omnipotenti
2311 1306 2437 1365 Deo
2482 1312 2678 1365 nostro
2710 1296 2934 1377 7¹'acies‘¹

698 1394 921 1467 plebem
985 1395 1327 1467 perfectam.
1453 1393 1589 1452 Non
1653 1393 1892 1469 piyeat⁰
1905 1441 1924 1465 ,
1999 1394 2364 1454 dilectissime
2439 1396 2650 1465 frater,
2727 1396 2948 1454 itinera
3153 1444 3155 1475 ἕ

708 1500 945 1555 carpere
959 1470 986 1512 f
1038 1499 1249 1556 aspera
1298 1487 1353 1541 et
1396 1482 1648 1552 diversa,
1695 1488 1760 1542 ut
1805 1484 2127 1543 christiana
2169 1483 2312 1555 fides
2356 1485 2516 1559 lonqe
2569 1485 2789 1559 lateque
2849 1489 2944 1542 tuo
2995 1501 3060 1539 ιο
3153 1478 3155 1485 '

454 699 596 749 Epist.
618 700 685 739 45.
919 681 1041 741 Nec
1084 682 1235 740 enim
1280 682 1509 741 habebis
1566 683 1926 753 licentiama,
1987 686 2200 755 frater,
2251 702 2370 758 pro
2427 684 2666 758 incepti
2722 684 2958 744 laboris

709 1571 1001 1629 conamine
1051 1571 1409 1631 contendatur.
1504 1569 1800 1645 Scriptum
1857 1590 2100 1647 namque
2155 1578 2271 1632 est.-
2331 1575 2489 1631 Arta
2547 1577 2612 1631 et
2670 1577 2947 1649 angusta

708 1662 812 1717 via
858 1664 975 1729 est,
1024 1676 1189 1736 quae
1236 1662 1411 1719 ducit
1456 1662 1539 1719 ad
1585 1662 1808 1719 vitam.
1906 1661 2164 1735 Operare
2205 1662 2417 1736 itaque,
2465 1664 2678 1733 frater,
2740 1662 2946 1721 bonum

709 1766 869 1822 opuS,
916 1749 1064 1823 quod
1107 1749 1327 1826 cepisti,
1374 1754 1439 1807 ut
1480 1749 1546 1808 in
1591 1749 1684 1809 die
1716 1748 1938 1809 Christi
1967 1749 2141 1809 Iesu
2186 1751 2464 1810 merearis
2491 1751 2696 1820 dicere,
2742 1750 2941 1809 inter-3

709 1842 889 1896 cetum
944 1842 1271 1897 sanctorum
1318 1843 1563 1911 patrum
1620 1839 1922 1898 assistens.-
1967 1840 2126 1897 Ecce
2186 1857 2302 1915 ego
2362 1844 2428 1898 et
2483 1827 2708 1915 puerih
2722 1884 2735 1909 ,
2786 1858 2944 1916 quos

711 1927 943 1985 dedisti
1002 1924 1189 1985 mihil
1262 1916 1424 1985 noni
1496 1929 1743 2002 perdidi
1811 1946 1888 1986 ex
1955 1930 2045 1987 eis
2106 1946 2520 2005 quemquam3
2591 1934 2646 1987 et
2701 1930 2948 1987 iterum.-
2995 1942 3060 1982 15

709 2016 997 2085 Domine,
1036 2016 1093 2071 V
1116 2017 1355 2074 talenta
1403 2005 1602 2073 mihik
1645 2018 1993 2087 tradidisti;
2042 2035 2200 2075 ecce·
2231 2019 2356 2075 alia
2377 2020 2435 2075 V
2471 2019 2946 2093 superlucratus

712 2102 887 2162 sum!
946 2108 1011 2163 ut
1053 2105 1448 2179 subsequenter
1490 2106 1769 2164 merearis
1824 2094 2045 2165 vocem¹
2104 2105 2348 2165 Domini
2401 2106 2624 2177 audire,
2670 2106 2917 2165 dicentis
2930 2129 2948 2163 .-

710 2194 903 2269 Euge‚
964 2212 1142 2251 serve
1187 2195 1350 2252 bone
1396 2197 1462 2252 et
1505 2194 1732 2264 fidene,
1783 2196 1932 2271 quia
1983 2213 2174 2271 super
2229 2213 2434 2271 pauca
2476 2197 2656 2255 fuisti
2714 2196 2945 2265 fidene,

712 2300 903 2357 supra
947 2284 1149 2340 multa
1193 2286 1258 2341 te
1304 2284 1717 2352 constituam3
1766 2286 1936 2342 intra
1979 2285 2046 2341 in
2089 2285 2396 2361 gaudium
2442 2286 2682 2344 domini
2725 2282 2847 2342 tui!

923 2369 1085 2430 Deus
1130 2376 1183 2430 te
1225 2372 1555 2431 incolomem
1599 2372 1900 2443 custodiat,
1945 2374 2396 2433 reverentissime
2440 2376 2651 2444 frater.
2991 2388 3062 2427 20

921 2459 1091 2519 Data
1154 2459 1323 2519 IIII.
1392 2460 1537 2519 Kal.
1609 2461 1880 2521 Novemb.
1898 2507 1917 2531 ,
1983 2462 2301 2535 imperante
2365 2462 2618 2521 domnom
2671 2463 2948 2536 piissimo

714 2550 991 2624 anquston
1043 2548 1251 2619 Leone,
1310 2550 1545 2623 imperii
1601 2550 1722 2608 eius
1779 2569 1929 2609 anno
1975 2549 2235 2621 XXIII,
2293 2551 2392 2609 sed
2449 2556 2502 2610 et
2568 2550 2948 2611 Constantini

494 2710 520 2721 ,.
564 2709 573 2718 ⁶
712 2638 1107 2712 imperatoris
1150 2638 1309 2697 eius⁰
1364 2637 1493 2709 filii
1536 2658 1686 2698 ann-o
1731 2638 1878 2709 XX,
1923 2640 2232 2699 indictione
2270 2639 2448 2699 VIII.

452 2708 693 2804 ”dcl-'Qu’
926 2717 1077 2803 (35).
1192 2721 1325 2786 Per
1390 2722 1575 2786 idem
1644 2726 1950 2807 tempus,
2020 2728 2215 2787 Karol
2239 2729 2316 2787 οῖ’
2394 2731 2518 2787 duc
2540 2747 2575 2787 e
2649 2730 2882 2805 glorios
2909 2747 2946 2788 o
3153 2786 3155 2789 Α

710 2817 1116 2891 temporalis
1193 2818 1449 2874 vitae
1526 2835 1894 2875 cursum
1985 2822 2730 2887 consummante,
2809 2820 2946 2876 filii
2985 2833 3056 2871 2⁵
3152 2792 3155 2885 ξ

712 2908 850 2965 eius
927 2903 1482 2963 Karlomannusq
1566 2911 1632 2963 et
1705 2907 2099 2982 Pippinusr
2183 2908 2271 2964 in
2347 2909 2655 2983 patris
2738 2926 2945 2965 suc·
3153 2904 3155 2907 ⁴

712 2999 1214 3053 cesserunt
1286 2995 1640 3069 imperium.
1764 2988 1898 3055 Sed
1975 2990 2136 3073 quia
2211 2990 2301 3054 ad
2375 2995 2626 3066 nutum
2702 2991 2946 3055 Karlo·

711 3076 966 3153 manni,
1030 3078 1148 3160 qui
1207 3078 1481 3141 maioris
1541 3078 1829 3142 aetatis⁸
1896 3082 2064 3156 erat,
2126 3080 2356 3143 omnia
2415 3080 2690 3163 paterni
2745 3081 2948 3162 regni

710 3167 864 3230 iura
910 3166 1469 3250 disponebantur,
1518 3168 1703 3231 hunc
1752 3171 2032 3231 sanctus
2077 3167 2470 3232 Bonifatius
2516 3168 2754 3233 adiens
2801 3189 2947 3251 pre-

712 3255 1015 3338 sulisque
1060 3254 1422 3339 apostolici
1468 3256 1728 3340 scripta,
1773 3256 2110 3332 defemm,
2167 3258 2558 3321 omnimodo
2608 3258 2942 3341 poposcit,
2982 3278 3056 3332 ao,

711 3348 793 3409 nt
862 3345 1276 3409 christianae
1294 3340 1315 3380 t
1384 3344 1742 3428 religionis
1812 3345 2151 3410 culturam
2168 3396 2182 3420 ‚
2255 3366 2462 3429 quam
2530 3350 2727 3429 pater
2795 3347 2948 3411 eins

712 3433 1220 3517 promptissimo
1266 3434 1496 3497 animo
1542 3434 1726 3519 cepit
1773 3437 1844 3499 et
1897 3435 2218 3512 excoluit,
2280 3435 2426 3518 ipse
2485 3455 2756 3519 quoque
2817 3456 2946 3519 pro

712 3522 847 3587 Dei
904 3542 1133 3587 amore
1193 3522 1434 3605 suique
1494 3524 1732 3607 regniu
1794 3523 2178 3589 stabilitate
2239 3543 2506 3588 necnon
2577 3545 2698 3608 pro
2767 3544 2946 3589 com-

713 3611 907 3675 muni
965 3610 1272 3675 omnium
1332 3611 1465 3675 sibi
1530 3612 2042 3677 subiectorumv
2107 3612 2334 3677 salute
2391 3613 2643 3678 eodem
2711 3614 2946 3677 animo

712 3700 1073 3765 excoleret.
1167 3700 1299 3765 His
1343 3699 1465 3765 ille
1511 3701 1832 3784 precibus
1851 3700 1876 3739 1
1920 3702 2114 3784 quasi
2162 3701 2394 3767 divino
2449 3702 2720 3766 affatuw
2768 3722 2946 3766 com·
2982 3722 3050 3771 ὅτ».

925 3874 1027 3916 VII.
1079 3874 1213 3921 Cam.
1238 3873 1305 3914 34.
1334 3874 1402 3914 35.
1469 3876 1508 3913 1.
1538 3875 1606 3915 2a.
1629 3874 1669 3913 b.
1689 3885 1726 3913 c.

713 3964 757 4010 a)
792 3963 849 4005 ir.
874 3962 949 4002 lic.
980 3964 1001 4001 1
1033 3964 1138 4010 (non
1164 3962 1224 4011 3).
1357 3964 1403 4010 b)
1440 3964 1502 4002 ita
1529 3964 1578 4012 13
1618 3974 1702 4003 om.
1733 3964 1830 4003 rell.
1967 3962 2008 4013 c)
2045 3974 2129 4003 om.
2169 3964 2239 4003 2a.
2375 3962 2422 4015 d)
2457 3965 2596 4003 iacias
2625 3965 2704 4015 2a3
2743 3965 2854 4003 tacis
2880 3964 2944 4006 2c.

713 4018 756 4063 e)
785 4021 829 4055 te
858 4016 961 4054 add.
994 4016 1060 4055 2b.
1182 4017 1219 4065 ί)
1245 4026 1408 4065 capere
1435 4018 1504 4058 2a.
1523 4017 1562 4059 b.
1574 4028 1611 4056 c.
1740 4020 1783 4065 g)
1813 4017 1874 4055 ua
1902 4020 1948 4067 13
1978 4018 2096 4057 inter
2121 4038 2176 4046 -
2203 4017 2415 4057 „sistens
2443 4029 2527 4057 om.
2557 4018 2652 4062 rell.
2777 4016 2826 4068 h)
2854 4018 2946 4056 mei

712 4070 814 4108 add.
846 4070 898 4107 22>
924 4080 1019 4107 cum
1042 4069 1164 4117 Vuly.
1261 4069 1294 4122 i)
1321 4080 1412 4109 non
1438 4067 1565 4119 perd.
1586 4091 1640 4099 —
1661 4068 1824 4114 tradid.
1841 4071 1950 4109 mihi
1970 4072 2018 4109 in
2035 4082 2175 4119 mar-9.
2197 4072 2405 4115 inferiore
2421 4072 2563 4120 suppl.
2581 4072 2649 4113 2a.
2741 4070 2788 4123 k)
2808 4072 2872 4109 ita
2891 4072 2912 4109 1
2929 4082 2944 4120 ;

714 4130 769 4163 tr.
791 4134 850 4162 m.
872 4123 968 4162 rell.
991 4134 1087 4161 cum
1104 4124 1225 4171 rulo.
1334 4123 1368 4171 l)
1394 4124 1459 4161 ita
1486 4125 1534 4173 l;
1564 4121 1720 4162 audire
1749 4136 1793 4163 v.
1823 4124 1878 4166 D.
1907 4125 2003 4163 rell.
2113 4126 2172 4175 m)
2202 4122 2290 4163 (1Πο
2319 4125 2388 4165 Ξό.
2478 4125 2544 4173 ·n)
2571 4125 2722 4163 Leone
2750 4134 2848 4171 aug.
2877 4124 2941 4163 20.
2980 4128 3044 4166 40

713 4176 756 4227 o)
785 4178 817 4216 f.
848 4176 944 4216 eius
972 4176 1039 4219 sb.
1134 4177 1182 4227 p)
1213 4176 1371 4216 Kalolo
1391 4178 1431 4225 1,
1448 4187 1562 4219 corr.
1662 4176 1708 4226 q)
1729 4175 1940 4217 videlicet
1957 4190 2015 4219 m.
2036 4178 2095 4217 al.
2115 4188 2329 4225 superse-r.
2352 4180 2391 4217 1.
2492 4181 2531 4226 r)
2549 4178 2735 4228 Piplnus
2755 4179 2794 4218 1.
2817 4177 2883 4216 2b.
2903 4189 2942 4217 c.

714 4229 774 4335 s))
790 4235 889 4322 effi
915 4230 1049 4269 etatis
1075 4230 1140 4272 2e.
1274 4233 1310 4279 t)
1345 4230 1636 4270 christianam
1665 4232 1704 4270 1.
1841 4230 1890 4281 u)
1925 4231 2039 4271 stab.
2067 4231 2195 4279 regni
2222 4232 2287 4273 2c.
2425 4233 2472 4281 v)
2507 4232 2839 4271 commissorum
2871 4231 2941 4270 2⁶.

713 4294 755 4321 w
883 4288 961 4321 atu
988 4284 1027 4324 1.

716 4405 769 4475 1)
821 4406 1112 4462 Willibald.
1162 4422 1204 4462 c.
1243 4410 1275 4461 7
1326 4416 1403 4473 (p.
1448 4408 1537 4471 40,
1572 4409 1670 4469 2).·
1717 4411 2043 4477 suggerente
2093 4411 2280 4462 sancto
2331 4406 2608 4463 Bonifatio
2657 4410 2752 4473 (ef.
2801 4424 2842 4463 c.
2887 4408 2943 4475 8,

704 4494 765 4543 p.
802 4480 891 4544 43,
916 4480 1025 4545 23).
1102 4478 1184 4543 Cf.
1220 4478 1415 4530 Hauck
1450 4478 1536 4545 1³³,
1564 4481 1688 4545 519,
1727 4495 1780 4535 n.
1813 4482 1862 4535 1.
2979 4495 3040 4535 45
