<?xml version="1.0" encoding="UTF-8"?>
<!DOCTYPE html PUBLIC "-//W3C//DTD XHTML 1.0 Transitional//EN"
    "http://www.w3.org/TR/xhtml1/DTD/xhtml1-transitional.dtd">
<html xmlns="http://www.w3.org/1999/xhtml" xml:lang="en" lang="en">
 <head>
  <title>
</title>
<meta http-equiv="Content-Type" content="text/html;charset=utf-8" />
  <meta name='ocr-system' content='tesseract 3.04.00' />
  <meta name='ocr-capabilities' content='ocr_page ocr_carea ocr_par ocr_line ocrx_word'/>
</head>
<body>
  <div class='ocr_page' id='page_1' title='image "./vitaesanctiboni00mogugoog_0070.png"; bbox 0 0 3167 5192; ppageno 0'>
   <div class='ocr_carea' id='block_1_1' title="bbox 1074 495 2457 553">
    <p class='ocr_par' dir='ltr' id='par_1_1' title="bbox 1074 495 2457 553">
     <span class='ocr_line' id='line_1_1' title="bbox 1074 495 2457 553; baseline 0.001 -4"><span class='ocrx_word' id='word_1_1' title='bbox 1074 495 1529 553; x_wconf 81' lang='lat' dir='ltr'><strong>PRAEFATIO.</strong></span> <span class='ocrx_word' id='word_1_2' title='bbox 2252 496 2457 550; x_wconf 88' lang='lat' dir='ltr'>LXIII</span> 
     </span>
    </p>
   </div>
   <div class='ocr_carea' id='block_1_2' title="bbox 131 678 2457 1292">
    <p class='ocr_par' dir='ltr' id='par_1_2' title="bbox 197 678 2453 939">
     <span class='ocr_line' id='line_1_2' title="bbox 445 678 2453 761; baseline 0 -20"><span class='ocrx_word' id='word_1_3' title='bbox 445 679 624 759; x_wconf 76' lang='lat' dir='ltr'><em>Quod</em></span> <span class='ocrx_word' id='word_1_4' title='bbox 667 680 756 742; x_wconf 91' lang='lat' dir='ltr'><em>ad</em></span> <span class='ocrx_word' id='word_1_5' title='bbox 797 678 1111 743; x_wconf 88' lang='lat' dir='ltr'><em>rationem</em></span> <span class='ocrx_word' id='word_1_6' title='bbox 1156 678 1481 744; x_wconf 85' lang='lat' dir='ltr'><em>scribendi</em></span> <span class='ocrx_word' id='word_1_7' title='bbox 1512 679 1809 761; x_wconf 77' lang='lat' dir='ltr'><em>pertinet,</em></span> <span class='ocrx_word' id='word_1_8' title='bbox 1873 679 2140 743; x_wconf 79' lang='lat' dir='ltr'><em>codicem</em></span> <span class='ocrx_word' id='word_1_9' title='bbox 2194 687 2223 743; x_wconf 88' lang='lat'>1</span> <span class='ocrx_word' id='word_1_10' title='bbox 2291 680 2453 744; x_wconf 85' lang='lat' dir='ltr'><em>anti·</em></span> 
     </span>
     <span class='ocr_line' id='line_1_3' title="bbox 197 766 2453 851; baseline 0.002 -23"><span class='ocrx_word' id='word_1_11' title='bbox 197 766 598 846; x_wconf 79' lang='lat' dir='ltr'><em>quissimum</em></span> <span class='ocrx_word' id='word_1_12' title='bbox 643 768 716 831; x_wconf 86' lang='lat' dir='ltr'><em>in</em></span> <span class='ocrx_word' id='word_1_13' title='bbox 757 767 1124 831; x_wconf 83' lang='lat' dir='ltr'><em>universum</em></span> <span class='ocrx_word' id='word_1_14' title='bbox 1168 775 1411 832; x_wconf 88' lang='lat' dir='ltr'><em>secutus</em></span> <span class='ocrx_word' id='word_1_15' title='bbox 1455 788 1611 847; x_wconf 89' lang='lat' dir='ltr'><em>sum,</em></span> <span class='ocrx_word' id='word_1_16' title='bbox 1661 768 1775 832; x_wconf 88' lang='lat' dir='ltr'><em>etsi</em></span> <span class='ocrx_word' id='word_1_17' title='bbox 1806 768 2077 832; x_wconf 75' lang='lat' dir='ltr'><em>litteram</em></span> <span class='ocrx_word' id='word_1_18' title='bbox 2114 790 2149 851; x_wconf 76' lang='lat' dir='ltr'><em>e</em></span> <span class='ocrx_word' id='word_1_19' title='bbox 2180 768 2453 832; x_wconf 65' lang='lat' dir='ltr'><em>manime</em></span> 
     </span>
     <span class='ocr_line' id='line_1_4' title="bbox 198 856 2039 939; baseline 0.001 -22"><span class='ocrx_word' id='word_1_20' title='bbox 198 856 286 917; x_wconf 90' lang='lat' dir='ltr'><em>ab</em></span> <span class='ocrx_word' id='word_1_21' title='bbox 343 877 417 919; x_wconf 93' lang='lat' dir='ltr'><em>eo</em></span> <span class='ocrx_word' id='word_1_22' title='bbox 463 857 931 937; x_wconf 76' lang='lat' dir='ltr'><em>frequentatam</em></span> <span class='ocrx_word' id='word_1_23' title='bbox 977 878 1105 921; x_wconf 91' lang='lat' dir='ltr'><em>non</em></span> <span class='ocrx_word' id='word_1_24' title='bbox 1151 856 1388 921; x_wconf 88' lang='lat' dir='ltr'><em>admisi</em></span> <span class='ocrx_word' id='word_1_25' title='bbox 1433 856 1566 921; x_wconf 85' lang='lat' dir='ltr'><em>nisi</em></span> <span class='ocrx_word' id='word_1_26' title='bbox 1610 856 1686 920; x_wconf 92' lang='lat' dir='ltr'><em>in</em></span> <span class='ocrx_word' id='word_1_27' title='bbox 1733 858 2039 939; x_wconf 74' lang='lat' dir='ltr'><em>ecclesia.</em></span> 
     </span>
    </p>

    <p class='ocr_par' dir='ltr' id='par_1_3' title="bbox 451 944 2457 1026">
     <span class='ocr_line' id='line_1_5' title="bbox 451 944 2457 1026; baseline 0 -18"><span class='ocrx_word' id='word_1_28' title='bbox 451 944 694 1025; x_wconf 87' lang='lat' dir='ltr'><em>Vitam,</em></span> <span class='ocrx_word' id='word_1_29' title='bbox 773 945 954 1009; x_wconf 88' lang='lat' dir='ltr'><em>cuius</em></span> <span class='ocrx_word' id='word_1_30' title='bbox 1031 945 1289 1026; x_wconf 86' lang='lat' dir='ltr'><em>primus</em></span> <span class='ocrx_word' id='word_1_31' title='bbox 1371 946 1605 1009; x_wconf 87' lang='lat' dir='ltr'><em>codice·</em></span> <span class='ocrx_word' id='word_1_32' title='bbox 1658 952 1693 1007; x_wconf 89' lang='lat'><strong>3</strong></span> <span class='ocrx_word' id='word_1_33' title='bbox 1786 946 2093 1026; x_wconf 86' lang='lat' dir='ltr'><em>descripto</em></span> <span class='ocrx_word' id='word_1_34' title='bbox 2166 945 2457 1009; x_wconf 87' lang='lat' dir='ltr'><em>meminit</em></span> 
     </span>
    </p>

    <p class='ocr_par' dir='ltr' id='par_1_4' title="bbox 131 1032 2453 1292">
     <span class='ocr_line' id='line_1_6' title="bbox 131 1032 2453 1115; baseline 0.001 -20"><span class='ocrx_word' id='word_1_35' title='bbox 131 1058 158 1095; x_wconf 83' lang='lat'>5</span> <span class='ocrx_word' id='word_1_36' title='bbox 207 1032 286 1096; x_wconf 85' lang='lat' dir='ltr'><em>O.</em></span> <span class='ocrx_word' id='word_1_37' title='bbox 361 1034 1112 1115; x_wconf 72' lang='lat' dir='ltr'><em>Holder-Eyyer,</em></span> <span class='ocrx_word' id='word_1_38' title='bbox 1181 1033 1286 1098; x_wconf 69' lang='grc' dir='ltr'><em>ίΝ.</em></span> <span class='ocrx_word' id='word_1_39' title='bbox 1346 1034 1567 1098; x_wconf 73' lang='grc' dir='ltr'>ΑνσῙι.’</span> <span class='ocrx_word' id='word_1_40' title='bbox 1620 1033 1841 1115; x_wconf 83' lang='lat' dir='ltr'>XIII,</span> <span class='ocrx_word' id='word_1_41' title='bbox 1901 1040 2047 1114; x_wconf 83' lang='lat'><em>578,</em></span> <span class='ocrx_word' id='word_1_42' title='bbox 2110 1055 2185 1097; x_wconf 73' lang='lat' dir='ltr'><em>ecc</em></span> <span class='ocrx_word' id='word_1_43' title='bbox 2244 1037 2453 1099; x_wconf 89' lang='lat' dir='ltr'><em>eodem</em></span> 
     </span>
     <span class='ocr_line' id='line_1_7' title="bbox 186 1122 2453 1203; baseline -0 -18"><span class='ocrx_word' id='word_1_44' title='bbox 186 1122 467 1201; x_wconf 83' lang='lat' dir='ltr'><em>publici</em></span> <span class='ocrx_word' id='word_1_45' title='bbox 527 1122 698 1187; x_wconf 72' lang='lat' dir='ltr'><em>iuris</em></span> <span class='ocrx_word' id='word_1_46' title='bbox 771 1123 924 1201; x_wconf 83' lang='lat' dir='ltr'><em>fecit</em></span> <span class='ocrx_word' id='word_1_47' title='bbox 988 1123 1070 1186; x_wconf 81' lang='lat' dir='ltr'><em>A.</em></span> <span class='ocrx_word' id='word_1_48' title='bbox 1145 1125 1224 1187; x_wconf 91' lang='lat' dir='ltr'><strong><em>N</em></strong></span> <span class='ocrx_word' id='word_1_49' title='bbox 1237 1128 1284 1187; x_wconf 86' lang='lat' dir='ltr'><em>ii</em></span> <span class='ocrx_word' id='word_1_50' title='bbox 1307 1144 1411 1187; x_wconf 86' lang='lat' dir='ltr'><em>rn</em></span> <span class='ocrx_word' id='word_1_51' title='bbox 1435 1124 1469 1187; x_wconf 93' lang='lat' dir='ltr'><em>b</em></span> <span class='ocrx_word' id='word_1_52' title='bbox 1495 1144 1586 1187; x_wconf 92' lang='lat' dir='ltr'><em>er</em></span> <span class='ocrx_word' id='word_1_53' title='bbox 1606 1144 1647 1203; x_wconf 79' lang='lat'><em>9</em></span> <span class='ocrx_word' id='word_1_54' title='bbox 1672 1145 1788 1203; x_wconf 92' lang='lat' dir='ltr'><em>er,</em></span> <span class='ocrx_word' id='word_1_55' title='bbox 1860 1122 2186 1188; x_wconf 84' lang='lat' dir='ltr'><em>Anecdota</em></span> <span class='ocrx_word' id='word_1_56' title='bbox 2251 1122 2453 1187; x_wconf 89' lang='lat' dir='ltr'><em>Boni-</em></span> 
     </span>
     <span class='ocr_line' id='line_1_8' title="bbox 197 1210 1248 1292; baseline 0 -19"><span class='ocrx_word' id='word_1_57' title='bbox 197 1210 504 1291; x_wconf 81' lang='lat' dir='ltr'><em>fatiana,</em></span> <span class='ocrx_word' id='word_1_58' title='bbox 567 1212 606 1275; x_wconf 81' lang='lat' dir='ltr'><em>Z.</em></span> <span class='ocrx_word' id='word_1_59' title='bbox 657 1212 698 1275; x_wconf 84' lang='grc' dir='ltr'><em>Ζ.</em></span> <span class='ocrx_word' id='word_1_60' title='bbox 747 1233 818 1292; x_wconf 89' lang='lat' dir='ltr'><em>p.</em></span> <span class='ocrx_word' id='word_1_61' title='bbox 874 1218 1248 1275; x_wconf 81' lang='lat'><strong>128—141.</strong></span> 
     </span>
    </p>
   </div>
   <div class='ocr_carea' id='block_1_3' title="bbox 109 1406 2452 1735">
    <p class='ocr_par' dir='ltr' id='par_1_5' title="bbox 109 1406 2452 1735">
     <span class='ocr_line' id='line_1_9' title="bbox 1260 1406 1421 1471; baseline -0.012 0"><span class='ocrx_word' id='word_1_62' title='bbox 1260 1406 1421 1471; x_wconf 88' lang='lat' dir='ltr'>VII.</span> 
     </span>
     <span class='ocr_line' id='line_1_10' title="bbox 619 1530 2064 1610; baseline 0 -17"><span class='ocrx_word' id='word_1_63' title='bbox 619 1530 805 1596; x_wconf 88' lang='lat' dir='ltr'><em>Vita</em></span> <span class='ocrx_word' id='word_1_64' title='bbox 864 1531 1304 1610; x_wconf 83' lang='lat' dir='ltr'><em>Bonifatii</em></span> <span class='ocrx_word' id='word_1_65' title='bbox 1363 1537 1692 1596; x_wconf 90' lang='lat' dir='ltr'><em>auctore</em></span> <span class='ocrx_word' id='word_1_66' title='bbox 1762 1530 2064 1595; x_wconf 78' lang='lat' dir='ltr'><em>Otlobo.</em></span> 
     </span>
     <span class='ocr_line' id='line_1_11' title="bbox 109 1653 2452 1735; baseline 0.002 -22"><span class='ocrx_word' id='word_1_67' title='bbox 109 1676 164 1713; x_wconf 84' lang='lat'><em>10</em></span> <span class='ocrx_word' id='word_1_68' title='bbox 438 1654 730 1735; x_wconf 81' lang='lat' dir='ltr'><em>Denique</em></span> <span class='ocrx_word' id='word_1_69' title='bbox 775 1656 1069 1720; x_wconf 76' lang='lat' dir='ltr'><em>monachi</em></span> <span class='ocrx_word' id='word_1_70' title='bbox 1115 1656 1469 1719; x_wconf 76' lang='lat' dir='ltr'><em>Fuldenses</em></span> <span class='ocrx_word' id='word_1_71' title='bbox 1527 1676 1667 1719; x_wconf 88' lang='lat' dir='ltr'><em>cum</em></span> <span class='ocrx_word' id='word_1_72' title='bbox 1721 1654 1931 1719; x_wconf 89' lang='lat' dir='ltr'><em>Vitam</em></span> <span class='ocrx_word' id='word_1_73' title='bbox 1994 1677 2033 1719; x_wconf 93' lang='lat' dir='ltr'><em>a</em></span> <span class='ocrx_word' id='word_1_74' title='bbox 2085 1653 2452 1720; x_wconf 79' lang='lat' dir='ltr'><em>Willibatdo</em></span> 
     </span>
    </p>
   </div>
   <div class='ocr_carea' id='block_1_4' title="bbox 113 1743 2537 3427">
    <p class='ocr_par' dir='ltr' id='par_1_6' title="bbox 113 1743 2537 3427">
     <span class='ocr_line' id='line_1_12' title="bbox 203 1743 2451 1825; baseline 0 -18"><span class='ocrx_word' id='word_1_75' title='bbox 203 1743 623 1825; x_wconf 77' lang='lat' dir='ltr'><em>compositam</em></span> <span class='ocrx_word' id='word_1_76' title='bbox 657 1743 957 1825; x_wconf 80' lang='lat' dir='ltr'><em>pturibus</em></span> <span class='ocrx_word' id='word_1_77' title='bbox 1003 1744 1154 1808; x_wconf 82' lang='lat' dir='ltr'><em>locis</em></span> <span class='ocrx_word' id='word_1_78' title='bbox 1200 1743 1469 1807; x_wconf 89' lang='lat' dir='ltr'><em>nimium</em></span> <span class='ocrx_word' id='word_1_79' title='bbox 1517 1745 1843 1807; x_wconf 79' lang='lat' dir='ltr'><em>obscuram</em></span> <span class='ocrx_word' id='word_1_80' title='bbox 1888 1747 2217 1824; x_wconf 77' lang='lat' dir='ltr'><em>minusque</em></span> <span class='ocrx_word' id='word_1_81' title='bbox 2276 1764 2451 1823; x_wconf 86' lang='lat' dir='ltr'><em>aper-</em></span> 
     </span>
     <span class='ocr_line' id='line_1_13' title="bbox 203 1828 2451 1915; baseline -0 -20"><span class='ocrx_word' id='word_1_82' title='bbox 203 1839 346 1896; x_wconf 89' lang='lat' dir='ltr'><em>tam</em></span> <span class='ocrx_word' id='word_1_83' title='bbox 411 1854 540 1897; x_wconf 86' lang='lat' dir='ltr'><em>esse</em></span> <span class='ocrx_word' id='word_1_84' title='bbox 599 1853 784 1913; x_wconf 74' lang='lat' dir='ltr'><em>aeyre</em></span> <span class='ocrx_word' id='word_1_85' title='bbox 850 1834 1121 1913; x_wconf 80' lang='lat' dir='ltr'><em>ferrent,</em></span> <span class='ocrx_word' id='word_1_86' title='bbox 1185 1834 1457 1897; x_wconf 79' lang='lat' dir='ltr'><em>Leonem</em></span> <span class='ocrx_word' id='word_1_87' title='bbox 1519 1833 1655 1895; x_wconf 91' lang='lat' dir='ltr'><em>IX.</em></span> <span class='ocrx_word' id='word_1_88' title='bbox 1714 1853 1958 1912; x_wconf 86' lang='lat' dir='ltr'><em>papam</em></span> <span class='ocrx_word' id='word_1_89' title='bbox 2028 1828 2222 1914; x_wconf 87' lang='grc'>(1049</span> <span class='ocrx_word' id='word_1_90' title='bbox 2240 1828 2451 1915; x_wconf 48' lang='grc'>*54)</span> 
     </span>
     <span class='ocr_line' id='line_1_14' title="bbox 203 1920 2453 2003; baseline 0.001 -20"><span class='ocrx_word' id='word_1_91' title='bbox 203 1920 448 1985; x_wconf 80' lang='lat' dir='ltr'><em>litteris</em></span> <span class='ocrx_word' id='word_1_92' title='bbox 501 1920 998 1985; x_wconf 86' lang='lat' dir='ltr'><em>eruditissimum</em></span> <span class='ocrx_word' id='word_1_93' title='bbox 1057 1927 1453 2003; x_wconf 73' lang='lat' dir='ltr'><em>royaverunt,</em></span> <span class='ocrx_word' id='word_1_94' title='bbox 1513 1927 1583 1984; x_wconf 88' lang='lat' dir='ltr'><em>ut</em></span> <span class='ocrx_word' id='word_1_95' title='bbox 1639 1920 1775 2003; x_wconf 86' lang='lat' dir='ltr'><em>ipse</em></span> <span class='ocrx_word' id='word_1_96' title='bbox 1832 1942 2063 1985; x_wconf 91' lang='lat' dir='ltr'><em>munus</em></span> <span class='ocrx_word' id='word_1_97' title='bbox 2121 1920 2304 1985; x_wconf 89' lang='lat' dir='ltr'><em>Vitae</em></span> <span class='ocrx_word' id='word_1_98' title='bbox 2362 1941 2453 1985; x_wconf 91' lang='lat' dir='ltr'><em>re-</em></span> 
     </span>
     <span class='ocr_line' id='line_1_15' title="bbox 204 2004 2447 2093; baseline -0 -20"><span class='ocrx_word' id='word_1_99' title='bbox 204 2009 589 2075; x_wconf 73' lang='lat' dir='ltr'><em>scribendae</em></span> <span class='ocrx_word' id='word_1_100' title='bbox 633 2010 986 2090; x_wconf 85' lang='lat' dir='ltr'><em>susciperet,</em></span> <span class='ocrx_word' id='word_1_101' title='bbox 1035 2016 1218 2091; x_wconf 77' lang='lat' dir='ltr'><em>atque</em></span> <span class='ocrx_word' id='word_1_102' title='bbox 1249 2011 1562 2091; x_wconf 75' lang='lat' dir='ltr'><em>Eybertus</em></span> <span class='ocrx_word' id='word_1_103' title='bbox 1610 2011 1804 2074; x_wconf 91' lang='lat' dir='ltr'><em>abbas</em></span> <span class='ocrx_word' id='word_1_104' title='bbox 1833 2009 2223 2073; x_wconf 81' lang='lat' dir='ltr'><em>Fuldensis1</em></span> <span class='ocrx_word' id='word_1_105' title='bbox 2254 2004 2447 2093; x_wconf 86' lang='lat'>(1047</span> 
     </span>
     <span class='ocr_line' id='line_1_16' title="bbox 113 2098 2449 2181; baseline 0.001 -23"><span class='ocrx_word' id='word_1_106' title='bbox 113 2119 167 2159; x_wconf 80' lang='lat'><em>15</em></span> <span class='ocrx_word' id='word_1_107' title='bbox 205 2098 418 2181; x_wconf 85' lang='lat'>—58)</span> <span class='ocrx_word' id='word_1_108' title='bbox 467 2098 660 2162; x_wconf 77' lang='lat' dir='ltr'><em>libros</em></span> <span class='ocrx_word' id='word_1_109' title='bbox 704 2099 1042 2163; x_wconf 78' lang='lat' dir='ltr'><em>nonnullos</em></span> <span class='ocrx_word' id='word_1_110' title='bbox 1087 2106 1145 2163; x_wconf 91' lang='lat' dir='ltr'><em>et</em></span> <span class='ocrx_word' id='word_1_111' title='bbox 1187 2099 1461 2163; x_wconf 87' lang='lat' dir='ltr'><em>scribam</em></span> <span class='ocrx_word' id='word_1_112' title='bbox 1493 2098 1767 2163; x_wconf 86' lang='lat' dir='ltr'><em>Romam</em></span> <span class='ocrx_word' id='word_1_113' title='bbox 1812 2098 1943 2162; x_wconf 89' lang='lat' dir='ltr'><em>iam</em></span> <span class='ocrx_word' id='word_1_114' title='bbox 1989 2098 2449 2179; x_wconf 76' lang='lat' dir='ltr'><em>transmiserat,</em></span> 
     </span>
     <span class='ocr_line' id='line_1_17' title="bbox 206 2186 2450 2269; baseline -0.001 -16"><span class='ocrx_word' id='word_1_115' title='bbox 206 2210 356 2253; x_wconf 86' lang='lat' dir='ltr'><em>cum</em></span> <span class='ocrx_word' id='word_1_116' title='bbox 406 2187 735 2269; x_wconf 74' lang='lat' dir='ltr'><em>pontifeoe,</em></span> <span class='ocrx_word' id='word_1_117' title='bbox 807 2208 986 2268; x_wconf 89' lang='lat' dir='ltr'><em>opere</em></span> <span class='ocrx_word' id='word_1_118' title='bbox 1042 2187 1308 2268; x_wconf 80' lang='lat' dir='ltr'><em>infectO,</em></span> <span class='ocrx_word' id='word_1_119' title='bbox 1371 2209 1432 2251; x_wconf 91' lang='lat' dir='ltr'><em>a.</em></span> <span class='ocrx_word' id='word_1_120' title='bbox 1502 2194 1691 2251; x_wconf 81' lang='lat'><strong>1054.</strong></span> <span class='ocrx_word' id='word_1_121' title='bbox 1752 2186 1886 2252; x_wconf 83' lang='lat' dir='ltr'><em>vita</em></span> <span class='ocrx_word' id='word_1_122' title='bbox 1944 2188 2276 2266; x_wconf 80' lang='lat' dir='ltr'><em>defunctus</em></span> <span class='ocrx_word' id='word_1_123' title='bbox 2344 2193 2450 2267; x_wconf 91' lang='lat' dir='ltr'><em>est,</em></span> 
     </span>
     <span class='ocr_line' id='line_1_18' title="bbox 205 2276 2452 2359; baseline -0 -20"><span class='ocrx_word' id='word_1_124' title='bbox 205 2276 406 2341; x_wconf 80' lang='lat' dir='ltr'><em>libris</em></span> <span class='ocrx_word' id='word_1_125' title='bbox 472 2276 545 2340; x_wconf 91' lang='lat' dir='ltr'><em>in</em></span> <span class='ocrx_word' id='word_1_126' title='bbox 617 2277 782 2342; x_wconf 83' lang='lat' dir='ltr'><em>Urbe</em></span> <span class='ocrx_word' id='word_1_127' title='bbox 849 2276 1318 2341; x_wconf 77' lang='lat' dir='ltr'><em>remanentibus</em></span> <span class='ocrx_word' id='word_1_128' title='bbox 1336 2278 1377 2338; x_wconf 81' lang='lat'><em>2.</em></span> <span class='ocrx_word' id='word_1_129' title='bbox 1482 2276 1808 2341; x_wconf 89' lang='lat' dir='ltr'><em>Decennio</em></span> <span class='ocrx_word' id='word_1_130' title='bbox 1875 2277 2011 2355; x_wconf 80' lang='lat' dir='ltr'><em>fere</em></span> <span class='ocrx_word' id='word_1_131' title='bbox 2074 2282 2241 2359; x_wconf 83' lang='lat' dir='ltr'><em>post,</em></span> <span class='ocrx_word' id='word_1_132' title='bbox 2314 2298 2452 2339; x_wconf 93' lang='lat' dir='ltr'><em>cum</em></span> 
     </span>
     <span class='ocr_line' id='line_1_19' title="bbox 216 2364 2451 2446; baseline -0.001 -17"><span class='ocrx_word' id='word_1_133' title='bbox 216 2366 410 2429; x_wconf 75' lang='lat' dir='ltr'><em>Otloh</em></span> <span class='ocrx_word' id='word_1_134' title='bbox 456 2365 798 2430; x_wconf 78' lang='lat' dir='ltr'><em>monachus</em></span> <span class='ocrx_word' id='word_1_135' title='bbox 845 2366 911 2429; x_wconf 78' lang='lat' dir='ltr'><em>S.</em></span> <span class='ocrx_word' id='word_1_136' title='bbox 960 2365 1439 2446; x_wconf 89' lang='lat' dir='ltr'><em>Emmerammi,</em></span> <span class='ocrx_word' id='word_1_137' title='bbox 1503 2371 1722 2429; x_wconf 91' lang='lat' dir='ltr'><em>auctor</em></span> <span class='ocrx_word' id='word_1_138' title='bbox 1767 2365 1943 2429; x_wconf 79' lang='lat' dir='ltr'><em>illius</em></span> <span class='ocrx_word' id='word_1_139' title='bbox 1988 2365 2129 2429; x_wconf 84' lang='lat' dir='ltr'><em>aevi</em></span> <span class='ocrx_word' id='word_1_140' title='bbox 2176 2364 2451 2429; x_wconf 79' lang='lat' dir='ltr'><em>clarissi-</em></span> 
     </span>
     <span class='ocr_line' id='line_1_20' title="bbox 206 2454 2453 2536; baseline -0 -19"><span class='ocrx_word' id='word_1_141' title='bbox 206 2476 355 2517; x_wconf 88' lang='lat' dir='ltr'><em>mus</em></span> <span class='ocrx_word' id='word_1_142' title='bbox 375 2455 417 2534; x_wconf 80' lang='lat'><em>3,</em></span> <span class='ocrx_word' id='word_1_143' title='bbox 467 2476 528 2517; x_wconf 88' lang='lat' dir='ltr'><em>a.</em></span> <span class='ocrx_word' id='word_1_144' title='bbox 569 2460 934 2517; x_wconf 83' lang='lat'><strong>1062—66.</strong></span> <span class='ocrx_word' id='word_1_145' title='bbox 970 2455 1292 2536; x_wconf 74' lang='lat' dir='ltr'><em>profuyus</em></span> <span class='ocrx_word' id='word_1_146' title='bbox 1336 2455 1510 2535; x_wconf 77' lang='lat' dir='ltr'><em>apud</em></span> <span class='ocrx_word' id='word_1_147' title='bbox 1536 2454 1892 2518; x_wconf 85' lang='lat' dir='ltr'><em>Fuldenses</em></span> <span class='ocrx_word' id='word_1_148' title='bbox 1922 2456 2180 2534; x_wconf 72' lang='lat' dir='ltr'><em>deyeret,</em></span> <span class='ocrx_word' id='word_1_149' title='bbox 2211 2454 2453 2531; x_wconf 82' lang='lat' dir='ltr'><em>fratres</em></span> 
     </span>
     <span class='ocr_line' id='line_1_21' title="bbox 114 2542 2453 2624; baseline 0.001 -21"><span class='ocrx_word' id='word_1_150' title='bbox 114 2564 172 2603; x_wconf 77' lang='lat'><em>20</em></span> <span class='ocrx_word' id='word_1_151' title='bbox 207 2543 520 2623; x_wconf 74' lang='lat' dir='ltr'><em>hospitem</em></span> <span class='ocrx_word' id='word_1_152' title='bbox 579 2544 794 2607; x_wconf 90' lang='lat' dir='ltr'><em>eadem</em></span> <span class='ocrx_word' id='word_1_153' title='bbox 854 2545 928 2607; x_wconf 90' lang='lat' dir='ltr'><em>de</em></span> <span class='ocrx_word' id='word_1_154' title='bbox 986 2564 1182 2608; x_wconf 87' lang='lat' dir='ltr'><em>causa</em></span> <span class='ocrx_word' id='word_1_155' title='bbox 1242 2542 1557 2624; x_wconf 89' lang='lat' dir='ltr'><em>adierunt,</em></span> <span class='ocrx_word' id='word_1_156' title='bbox 1620 2542 1797 2623; x_wconf 77' lang='lat' dir='ltr'><em>isque</em></span> <span class='ocrx_word' id='word_1_157' title='bbox 1856 2544 2107 2607; x_wconf 90' lang='lat' dir='ltr'><em>tandem</em></span> <span class='ocrx_word' id='word_1_158' title='bbox 2154 2542 2453 2623; x_wconf 75' lang='lat' dir='ltr'><em>precibus</em></span> 
     </span>
     <span class='ocr_line' id='line_1_22' title="bbox 209 2630 2452 2714; baseline -0.001 -17"><span class='ocrx_word' id='word_1_159' title='bbox 209 2653 434 2697; x_wconf 90' lang='lat' dir='ltr'><em>eorum</em></span> <span class='ocrx_word' id='word_1_160' title='bbox 479 2631 662 2696; x_wconf 86' lang='lat' dir='ltr'><em>cessit</em></span> <span class='ocrx_word' id='word_1_161' title='bbox 677 2634 718 2711; x_wconf 76' lang='lat'><em>²,</em></span> <span class='ocrx_word' id='word_1_162' title='bbox 766 2631 840 2695; x_wconf 92' lang='lat' dir='ltr'><em>id</em></span> <span class='ocrx_word' id='word_1_163' title='bbox 882 2634 1049 2713; x_wconf 81' lang='lat' dir='ltr'><em>quod</em></span> <span class='ocrx_word' id='word_1_164' title='bbox 1088 2632 1223 2714; x_wconf 90' lang='lat' dir='ltr'><em>ipse</em></span> <span class='ocrx_word' id='word_1_165' title='bbox 1268 2638 1492 2713; x_wconf 89' lang='lat' dir='ltr'><em>postea</em></span> <span class='ocrx_word' id='word_1_166' title='bbox 1543 2630 1619 2695; x_wconf 89' lang='lat' dir='ltr'><em>in</em></span> <span class='ocrx_word' id='word_1_167' title='bbox 1678 2631 1838 2695; x_wconf 79' lang='lat' dir='ltr'><em>libro</em></span> <span class='ocrx_word' id='word_1_168' title='bbox 1899 2632 1974 2695; x_wconf 90' lang='lat' dir='ltr'><em>de</em></span> <span class='ocrx_word' id='word_1_169' title='bbox 2026 2630 2452 2710; x_wconf 85' lang='lat' dir='ltr'><em>Temptatione</em></span> 
     </span>
     <span class='ocr_line' id='line_1_23' title="bbox 208 2720 2449 2804; baseline -0 -20"><span class='ocrx_word' id='word_1_170' title='bbox 208 2721 312 2784; x_wconf 93' lang='lat' dir='ltr'><em>ita</em></span> <span class='ocrx_word' id='word_1_171' title='bbox 368 2720 778 2785; x_wconf 82' lang='lat' dir='ltr'><em>enarravit4:</em></span> <span class='ocrx_word' id='word_1_172' title='bbox 839 2720 1011 2785; x_wconf 84' lang='lat' dir='ltr'><em>Cum</em></span> <span class='ocrx_word' id='word_1_173' title='bbox 1071 2723 1284 2804; x_wconf 85' lang='lat' dir='ltr'><em>igitur</em></span> <span class='ocrx_word' id='word_1_174' title='bbox 1344 2756 1431 2764; x_wconf 92' lang='lat'><em>——</em></span> <span class='ocrx_word' id='word_1_175' title='bbox 1487 2755 1576 2765; x_wconf 92' lang='lat'>—</span> <span class='ocrx_word' id='word_1_176' title='bbox 1635 2722 1911 2804; x_wconf 78' lang='lat' dir='ltr'><em>fugiens</em></span> <span class='ocrx_word' id='word_1_177' title='bbox 1972 2722 2059 2783; x_wconf 87' lang='lat' dir='ltr'><em>ad</em></span> <span class='ocrx_word' id='word_1_178' title='bbox 2106 2720 2449 2783; x_wconf 81' lang='lat' dir='ltr'><em>Fuldense</em></span> 
     </span>
     <span class='ocr_line' id='line_1_24' title="bbox 211 2811 2451 2893; baseline -0.001 -20"><span class='ocrx_word' id='word_1_179' title='bbox 211 2812 711 2874; x_wconf 81' lang='lat' dir='ltr'><em>monasterium</em></span> <span class='ocrx_word' id='word_1_180' title='bbox 758 2812 1081 2889; x_wconf 83' lang='lat' dir='ltr'><em>venirem,</em></span> <span class='ocrx_word' id='word_1_181' title='bbox 1151 2811 1384 2893; x_wconf 77' lang='lat' dir='ltr'><em>ibique</em></span> <span class='ocrx_word' id='word_1_182' title='bbox 1452 2832 1574 2893; x_wconf 89' lang='lat' dir='ltr'><em>per</em></span> <span class='ocrx_word' id='word_1_183' title='bbox 1642 2830 1855 2873; x_wconf 83' lang='lat' dir='ltr'><em>annos</em></span> <span class='ocrx_word' id='word_1_184' title='bbox 1922 2813 2218 2892; x_wconf 85' lang='lat' dir='ltr'><em>quatuor</em></span> <span class='ocrx_word' id='word_1_185' title='bbox 2293 2830 2451 2872; x_wconf 82' lang='lat' dir='ltr'><em>cum</em></span> 
     </span>
     <span class='ocr_line' id='line_1_25' title="bbox 208 2898 2450 2983; baseline -0.001 -21"><span class='ocrx_word' id='word_1_186' title='bbox 208 2899 728 2982; x_wconf 69' lang='lat' dir='ltr'><em>tranquillitate</em></span> <span class='ocrx_word' id='word_1_187' title='bbox 775 2921 1023 2983; x_wconf 86' lang='lat' dir='ltr'><em>magna</em></span> <span class='ocrx_word' id='word_1_188' title='bbox 1076 2903 1554 2975; x_wconf 56' lang='lat' dir='ltr'><em>commoratam,</em></span> <span class='ocrx_word' id='word_1_189' title='bbox 1615 2900 1883 2963; x_wconf 83' lang='lat' dir='ltr'><em>viderer</em></span> <span class='ocrx_word' id='word_1_190' title='bbox 1929 2898 2239 2961; x_wconf 84' lang='lat' dir='ltr'><em>dictandi</em></span> <span class='ocrx_word' id='word_1_191' title='bbox 2296 2899 2450 2960; x_wconf 83' lang='lat' dir='ltr'><em>scri-</em></span> 
     </span>
     <span class='ocr_line' id='line_1_26' title="bbox 118 2987 2450 3071; baseline 0.001 -25"><span class='ocrx_word' id='word_1_192' title='bbox 118 3008 175 3046; x_wconf 80' lang='lat'><em>25</em></span> <span class='ocrx_word' id='word_1_193' title='bbox 213 2989 564 3070; x_wconf 84' lang='lat' dir='ltr'><em>bendique</em></span> <span class='ocrx_word' id='word_1_194' title='bbox 613 2990 917 3050; x_wconf 81' lang='lat' dir='ltr'><em>studium</em></span> <span class='ocrx_word' id='word_1_195' title='bbox 964 2989 1423 3070; x_wconf 86' lang='lat' dir='ltr'><em>frequentare,</em></span> <span class='ocrx_word' id='word_1_196' title='bbox 1480 2988 1882 3071; x_wconf 71' lang='lat' dir='ltr'><em>pustulabar</em></span> <span class='ocrx_word' id='word_1_197' title='bbox 1942 3008 1982 3050; x_wconf 87' lang='lat' dir='ltr'><em>a</em></span> <span class='ocrx_word' id='word_1_198' title='bbox 2041 2987 2450 3069; x_wconf 85' lang='lat' dir='ltr'><em>quibusdam</em></span> 
     </span>
     <span class='ocr_line' id='line_1_27' title="bbox 215 3075 2449 3154; baseline -0.002 -13"><span class='ocrx_word' id='word_1_199' title='bbox 215 3078 529 3141; x_wconf 83' lang='lat' dir='ltr'><em>eiusdem</em></span> <span class='ocrx_word' id='word_1_200' title='bbox 578 3078 976 3141; x_wconf 80' lang='lat' dir='ltr'><em>monasterii</em></span> <span class='ocrx_word' id='word_1_201' title='bbox 1020 3077 1374 3154; x_wconf 76' lang='lat' dir='ltr'><em>fratribus,</em></span> <span class='ocrx_word' id='word_1_202' title='bbox 1424 3081 1502 3139; x_wconf 89' lang='lat' dir='ltr'><em>ut</em></span> <span class='ocrx_word' id='word_1_203' title='bbox 1549 3078 1771 3140; x_wconf 84' lang='lat' dir='ltr'><em>sancti</em></span> <span class='ocrx_word' id='word_1_204' title='bbox 1821 3076 2163 3139; x_wconf 82' lang='lat' dir='ltr'><em>Bonifacii</em></span> <span class='ocrx_word' id='word_1_205' title='bbox 2194 3075 2449 3153; x_wconf 84' lang='lat' dir='ltr'><em>Vitam,</em></span> 
     </span>
     <span class='ocr_line' id='line_1_28' title="bbox 217 3165 2453 3248; baseline -0.001 -19"><span class='ocrx_word' id='word_1_206' title='bbox 217 3165 499 3229; x_wconf 78' lang='lat' dir='ltr'><em>difficili</em></span> <span class='ocrx_word' id='word_1_207' title='bbox 575 3165 762 3243; x_wconf 56' lang='lat' dir='ltr'><em>stilo⁴</em></span> <span class='ocrx_word' id='word_1_208' title='bbox 814 3167 1105 3243; x_wconf 83' lang='lat' dir='ltr'><em>editam,</em></span> <span class='ocrx_word' id='word_1_209' title='bbox 1185 3166 1448 3248; x_wconf 84' lang='lat' dir='ltr'><em>aliquid</em></span> <span class='ocrx_word' id='word_1_210' title='bbox 1525 3166 1801 3229; x_wconf 82' lang='lat' dir='ltr'><em>facilius</em></span> <span class='ocrx_word' id='word_1_211' title='bbox 1871 3166 2173 3241; x_wconf 84' lang='lat' dir='ltr'><em>ederem;</em></span> <span class='ocrx_word' id='word_1_212' title='bbox 2246 3185 2453 3245; x_wconf 80' lang='lat' dir='ltr'><em>quam</em></span> 
     </span>
     <span class='ocr_line' id='line_1_29' title="bbox 215 3254 2452 3338; baseline -0.002 -19"><span class='ocrx_word' id='word_1_213' title='bbox 215 3256 628 3337; x_wconf 83' lang='lat' dir='ltr'><em>petitionem</em></span> <span class='ocrx_word' id='word_1_214' title='bbox 683 3254 849 3318; x_wconf 86' lang='lat' dir='ltr'><em>licet</em></span> <span class='ocrx_word' id='word_1_215' title='bbox 910 3256 1032 3317; x_wconf 89' lang='lat' dir='ltr'><em>diu</em></span> <span class='ocrx_word' id='word_1_216' title='bbox 1091 3256 1520 3338; x_wconf 81' lang='lat' dir='ltr'><em>denegarem,</em></span> <span class='ocrx_word' id='word_1_217' title='bbox 1583 3257 1928 3337; x_wconf 84' lang='lat' dir='ltr'><em>postremo</em></span> <span class='ocrx_word' id='word_1_218' title='bbox 1987 3258 2221 3317; x_wconf 87' lang='lat' dir='ltr'><em>tamen</em></span> <span class='ocrx_word' id='word_1_219' title='bbox 2278 3273 2452 3316; x_wconf 86' lang='lat' dir='ltr'><em>com-</em></span> 
     </span>
     <span class='ocr_line' id='line_1_30' title="bbox 217 3343 2537 3427; baseline -0.001 -21"><span class='ocrx_word' id='word_1_220' title='bbox 217 3344 462 3426; x_wconf 84' lang='lat' dir='ltr'><em>pulsus</em></span> <span class='ocrx_word' id='word_1_221' title='bbox 507 3344 921 3427; x_wconf 86' lang='lat' dir='ltr'><em>importunis</em></span> <span class='ocrx_word' id='word_1_222' title='bbox 967 3344 1302 3427; x_wconf 83' lang='lat' dir='ltr'><em>precibus,</em></span> <span class='ocrx_word' id='word_1_223' title='bbox 1351 3347 1432 3407; x_wconf 90' lang='lat' dir='ltr'><em>ut</em></span> <span class='ocrx_word' id='word_1_224' title='bbox 1479 3344 1695 3426; x_wconf 83' lang='lat' dir='ltr'><em>potui,</em></span> <span class='ocrx_word' id='word_1_225' title='bbox 1745 3343 1927 3425; x_wconf 83' lang='lat' dir='ltr'><em>quod</em></span> <span class='ocrx_word' id='word_1_226' title='bbox 1974 3344 2233 3425; x_wconf 84' lang='lat' dir='ltr'><em>petitus</em></span> <span class='ocrx_word' id='word_1_227' title='bbox 2266 3362 2451 3405; x_wconf 88' lang='lat' dir='ltr'><em>eram</em></span> <span class='ocrx_word' id='word_1_228' title='bbox 2532 3359 2537 3365; x_wconf 87' lang='lat'><strong>·</strong></span> 
     </span>
    </p>
   </div>
   <div class='ocr_carea' id='block_1_5' title="bbox 123 3549 2455 4543">
    <p class='ocr_par' dir='ltr' id='par_1_7' title="bbox 123 3549 2455 3904">
     <span class='ocr_line' id='line_1_31' title="bbox 123 3549 2451 3619; baseline -0.003 -12"><span class='ocrx_word' id='word_1_229' title='bbox 123 3568 184 3607; x_wconf 69' lang='lat'><em>30</em></span> <span class='ocrx_word' id='word_1_230' title='bbox 221 3554 276 3619; x_wconf 91' lang='lat'><em>1)</em></span> <span class='ocrx_word' id='word_1_231' title='bbox 319 3552 396 3601; x_wconf 84' lang='lat' dir='ltr'><em>Ei</em></span> <span class='ocrx_word' id='word_1_232' title='bbox 424 3568 578 3619; x_wconf 88' lang='lat' dir='ltr'><em>papa</em></span> <span class='ocrx_word' id='word_1_233' title='bbox 614 3568 784 3603; x_wconf 85' lang='lat' dir='ltr'><em>mense</em></span> <span class='ocrx_word' id='word_1_234' title='bbox 819 3552 980 3604; x_wconf 88' lang='lat' dir='ltr'><em>Iunio</em></span> <span class='ocrx_word' id='word_1_235' title='bbox 1019 3569 1068 3607; x_wconf 85' lang='lat' dir='ltr'><em>a.</em></span> <span class='ocrx_word' id='word_1_236' title='bbox 1111 3555 1265 3607; x_wconf 87' lang='grc'>1049.</span> <span class='ocrx_word' id='word_1_237' title='bbox 1307 3553 1657 3619; x_wconf 73' lang='lat' dir='ltr'><em>privileyium</em></span> <span class='ocrx_word' id='word_1_238' title='bbox 1690 3553 1936 3603; x_wconf 80' lang='lat' dir='ltr'><em>concessit</em></span> <span class='ocrx_word' id='word_1_239' title='bbox 1971 3550 2161 3615; x_wconf 80' lang='lat' dir='ltr'><em>(Jaffe&#39;,</em></span> <span class='ocrx_word' id='word_1_240' title='bbox 2198 3550 2326 3616; x_wconf 73' lang='lat' dir='ltr'><em>Rey.</em></span> <span class='ocrx_word' id='word_1_241' title='bbox 2365 3551 2405 3600; x_wconf 93' lang='lat' dir='ltr'>I</span> <span class='ocrx_word' id='word_1_242' title='bbox 2415 3549 2451 3616; x_wconf 83' lang='lat'><em>²,</em></span> 
     </span>
     <span class='ocr_line' id='line_1_32' title="bbox 218 3621 2453 3691; baseline -0.001 -16"><span class='ocrx_word' id='word_1_243' title='bbox 218 3640 275 3677; x_wconf 85' lang='lat' dir='ltr'><em>n.</em></span> <span class='ocrx_word' id='word_1_244' title='bbox 315 3625 498 3685; x_wconf 82' lang='lat'>4170;</span> <span class='ocrx_word' id='word_1_245' title='bbox 550 3623 787 3689; x_wconf 79' lang='lat' dir='ltr'><em>Dronke,</em></span> <span class='ocrx_word' id='word_1_246' title='bbox 828 3624 1003 3675; x_wconf 80' lang='lat' dir='ltr'><em>Codex</em></span> <span class='ocrx_word' id='word_1_247' title='bbox 1037 3625 1253 3691; x_wconf 85' lang='lat' dir='ltr'><em>diplom.</em></span> <span class='ocrx_word' id='word_1_248' title='bbox 1291 3622 1454 3677; x_wconf 84' lang='lat' dir='ltr'><em>Fuld.</em></span> <span class='ocrx_word' id='word_1_249' title='bbox 1497 3640 1556 3689; x_wconf 76' lang='lat' dir='ltr'><em>p.</em></span> <span class='ocrx_word' id='word_1_250' title='bbox 1598 3626 1719 3687; x_wconf 86' lang='lat'><em>359,</em></span> <span class='ocrx_word' id='word_1_251' title='bbox 1769 3640 1821 3675; x_wconf 88' lang='lat' dir='ltr'><em>n.</em></span> <span class='ocrx_word' id='word_1_252' title='bbox 1862 3624 1997 3687; x_wconf 83' lang='lat'>750‚·</span> <span class='ocrx_word' id='word_1_253' title='bbox 2050 3621 2107 3675; x_wconf 89' lang='grc' dir='ltr'><em>Ο.</em></span> <span class='ocrx_word' id='word_1_254' title='bbox 2146 3622 2217 3673; x_wconf 89' lang='lat' dir='ltr'><em>K.</em></span> <span class='ocrx_word' id='word_1_255' title='bbox 2255 3622 2453 3687; x_wconf 84' lang='lat' dir='ltr'><em>Roller,</em></span> 
     </span>
     <span class='ocr_line' id='line_1_33' title="bbox 223 3693 2454 3761; baseline -0.001 -16"><span class='ocrx_word' id='word_1_256' title='bbox 223 3694 536 3745; x_wconf 78' lang='lat' dir='ltr'><em>‘Eberhard</em></span> <span class='ocrx_word' id='word_1_257' title='bbox 569 3709 670 3745; x_wconf 88' lang='lat' dir='ltr'><em>von</em></span> <span class='ocrx_word' id='word_1_258' title='bbox 692 3695 876 3745; x_wconf 84' lang='lat' dir='ltr'><em>Fulda</em></span> <span class='ocrx_word' id='word_1_259' title='bbox 913 3696 1026 3745; x_wconf 85' lang='lat' dir='ltr'><em>und</em></span> <span class='ocrx_word' id='word_1_260' title='bbox 1061 3698 1196 3747; x_wconf 82' lang='lat' dir='ltr'><em>scine</em></span> <span class='ocrx_word' id='word_1_261' title='bbox 1233 3695 1735 3761; x_wconf 80' lang='lat' dir='ltr'><em>Urlcundenkopien,</em></span> <span class='ocrx_word' id='word_1_262' title='bbox 1775 3694 2087 3757; x_wconf 73' lang='lat' dir='ltr'><em>Zeitschrift</em></span> <span class='ocrx_word' id='word_1_263' title='bbox 2122 3695 2212 3745; x_wconf 88' lang='lat' dir='ltr'><em>des</em></span> <span class='ocrx_word' id='word_1_264' title='bbox 2239 3693 2454 3745; x_wconf 82' lang='lat' dir='ltr'><em>Vereins</em></span> 
     </span>
     <span class='ocr_line' id='line_1_34' title="bbox 220 3764 2451 3832; baseline -0.001 -16"><span class='ocrx_word' id='word_1_265' title='bbox 220 3767 328 3829; x_wconf 75' lang='lat' dir='ltr'><em>fiir</em></span> <span class='ocrx_word' id='word_1_266' title='bbox 364 3765 622 3817; x_wconf 66' lang='lat' dir='ltr'><em>hessi-eche</em></span> <span class='ocrx_word' id='word_1_267' title='bbox 661 3766 976 3831; x_wconf 78' lang='lat' dir='ltr'><em>Geschichte,</em></span> <span class='ocrx_word' id='word_1_268' title='bbox 1012 3767 1159 3818; x_wconf 87' lang='lat' dir='ltr'><em>Neue</em></span> <span class='ocrx_word' id='word_1_269' title='bbox 1195 3766 1373 3831; x_wconf 73' lang='lat' dir='ltr'><em>Folqe,</em></span> <span class='ocrx_word' id='word_1_270' title='bbox 1411 3765 1747 3832; x_wconf 81' lang='lat' dir='ltr'><em>Supplement</em></span> <span class='ocrx_word' id='word_1_271' title='bbox 1776 3764 1946 3829; x_wconf 86' lang='lat' dir='ltr'>XIII,</span> <span class='ocrx_word' id='word_1_272' title='bbox 1986 3767 2141 3829; x_wconf 88' lang='lat'><em>1901,</em></span> <span class='ocrx_word' id='word_1_273' title='bbox 2182 3764 2451 3831; x_wconf 74' lang='lat' dir='ltr'><em>Beilayen’</em></span> 
     </span>
     <span class='ocr_line' id='line_1_35' title="bbox 220 3836 2455 3904; baseline -0.001 -17"><span class='ocrx_word' id='word_1_274' title='bbox 220 3836 306 3901; x_wconf 91' lang='lat' dir='ltr'><em>II,</em></span> <span class='ocrx_word' id='word_1_275' title='bbox 342 3852 398 3890; x_wconf 85' lang='lat' dir='ltr'><em>n.</em></span> <span class='ocrx_word' id='word_1_276' title='bbox 437 3839 515 3903; x_wconf 87' lang='lat'><em>3),</em></span> <span class='ocrx_word' id='word_1_277' title='bbox 565 3852 720 3903; x_wconf 78' lang='lat' dir='ltr'><em>eoque</em></span> <span class='ocrx_word' id='word_1_278' title='bbox 754 3840 1124 3889; x_wconf 85' lang='lat' dir='ltr'><em>interveniente</em></span> <span class='ocrx_word' id='word_1_279' title='bbox 1167 3839 1335 3904; x_wconf 85' lang='lat' dir='ltr'><em>paulo</em></span> <span class='ocrx_word' id='word_1_280' title='bbox 1372 3843 1492 3888; x_wconf 84' lang='lat' dir='ltr'><em>ante</em></span> <span class='ocrx_word' id='word_1_281' title='bbox 1527 3837 1723 3888; x_wconf 86' lang='lat' dir='ltr'><em>obitum</em></span> <span class='ocrx_word' id='word_1_282' title='bbox 1759 3852 1809 3889; x_wconf 89' lang='lat' dir='ltr'><em>a.</em></span> <span class='ocrx_word' id='word_1_283' title='bbox 1840 3837 1993 3890; x_wconf 86' lang='lat'><strong>1054.</strong></span> <span class='ocrx_word' id='word_1_284' title='bbox 2033 3838 2104 3890; x_wconf 88' lang='lat' dir='ltr'><em>in.</em></span> <span class='ocrx_word' id='word_1_285' title='bbox 2144 3838 2455 3888; x_wconf 84' lang='lat' dir='ltr'><em>monasterii</em></span> 
     </span>
    </p>

    <p class='ocr_par' dir='ltr' id='par_1_8' title="bbox 126 3905 2454 4258">
     <span class='ocr_line' id='line_1_36' title="bbox 126 3905 2454 3976; baseline -0.002 -14"><span class='ocrx_word' id='word_1_286' title='bbox 126 3922 186 3962; x_wconf 72' lang='lat'><em>35</em></span> <span class='ocrx_word' id='word_1_287' title='bbox 220 3908 644 3973; x_wconf 69' lang='lat' dir='ltr'><em>Nienburyensis</em></span> <span class='ocrx_word' id='word_1_288' title='bbox 671 3910 963 3973; x_wconf 76' lang='lat' dir='ltr'><em>privileyia</em></span> <span class='ocrx_word' id='word_1_289' title='bbox 999 3909 1334 3972; x_wconf 81' lang='lat' dir='ltr'><em>confirmavit</em></span> <span class='ocrx_word' id='word_1_290' title='bbox 1371 3906 1792 3976; x_wconf 83' lang='lat' dir='ltr'><em>(interventione</em></span> <span class='ocrx_word' id='word_1_291' title='bbox 1817 3906 2001 3958; x_wconf 82' lang='lat' dir='ltr'><em>dilecti</em></span> <span class='ocrx_word' id='word_1_292' title='bbox 2026 3907 2199 3958; x_wconf 80' lang='lat' dir='ltr'><em>nostri</em></span> <span class='ocrx_word' id='word_1_293' title='bbox 2222 3905 2454 3974; x_wconf 82' lang='lat' dir='ltr'><em>Egberti</em></span> 
     </span>
     <span class='ocr_line' id='line_1_37' title="bbox 220 3977 2450 4050; baseline -0.001 -20"><span class='ocrx_word' id='word_1_294' title='bbox 220 3977 513 4030; x_wconf 80' lang='lat' dir='ltr'><em>Fuldensis</em></span> <span class='ocrx_word' id='word_1_295' title='bbox 551 3977 812 4047; x_wconf 82' lang='lat' dir='ltr'><em>abbatis);</em></span> <span class='ocrx_word' id='word_1_296' title='bbox 863 3981 934 4043; x_wconf 83' lang='lat' dir='ltr'><em>cf.</em></span> <span class='ocrx_word' id='word_1_297' title='bbox 970 3978 1123 4050; x_wconf 82' lang='lat' dir='ltr'><em>Jaffe&#39;</em></span> <span class='ocrx_word' id='word_1_298' title='bbox 1153 3995 1206 4033; x_wconf 79' lang='lat' dir='ltr'><em>n.</em></span> <span class='ocrx_word' id='word_1_299' title='bbox 1233 3981 1413 4041; x_wconf 85' lang='grc'>4334,·</span> <span class='ocrx_word' id='word_1_300' title='bbox 1454 3978 1510 4032; x_wconf 89' lang='grc' dir='ltr'><em>Ο.</em></span> <span class='ocrx_word' id='word_1_301' title='bbox 1545 3979 1607 4029; x_wconf 87' lang='lat' dir='ltr'><em>de</em></span> <span class='ocrx_word' id='word_1_302' title='bbox 1637 3978 1987 4042; x_wconf 86' lang='lat' dir='ltr'><em>Heinemann,</em></span> <span class='ocrx_word' id='word_1_303' title='bbox 2026 3978 2201 4029; x_wconf 71' lang='lat' dir='ltr'><em>Codex·</em></span> <span class='ocrx_word' id='word_1_304' title='bbox 2234 3979 2450 4044; x_wconf 84' lang='lat' dir='ltr'><em>diplom.</em></span> 
     </span>
     <span class='ocr_line' id='line_1_38' title="bbox 223 4046 2449 4118; baseline -0.001 -18"><span class='ocrx_word' id='word_1_305' title='bbox 223 4050 558 4101; x_wconf 82' lang='lat' dir='ltr'><em>Anhaltinus</em></span> <span class='ocrx_word' id='word_1_306' title='bbox 592 4049 638 4115; x_wconf 90' lang='lat' dir='ltr'><em>I,</em></span> <span class='ocrx_word' id='word_1_307' title='bbox 679 4052 799 4117; x_wconf 87' lang='lat'><em>104,</em></span> <span class='ocrx_word' id='word_1_308' title='bbox 839 4067 891 4104; x_wconf 89' lang='lat' dir='ltr'><em>n.</em></span> <span class='ocrx_word' id='word_1_309' title='bbox 933 4053 1050 4105; x_wconf 87' lang='lat'><strong>130.</strong></span> <span class='ocrx_word' id='word_1_310' title='bbox 1213 4051 1270 4118; x_wconf 84' lang='lat'><em>2)</em></span> <span class='ocrx_word' id='word_1_311' title='bbox 1313 4050 1490 4101; x_wconf 84' lang='lat' dir='ltr'><em>Otlohi</em></span> <span class='ocrx_word' id='word_1_312' title='bbox 1525 4050 1586 4103; x_wconf 88' lang='lat' dir='ltr'><em>V.</em></span> <span class='ocrx_word' id='word_1_313' title='bbox 1626 4050 1911 4113; x_wconf 80' lang='lat' dir='ltr'><em>Bonifatii,</em></span> <span class='ocrx_word' id='word_1_314' title='bbox 1955 4050 2100 4115; x_wconf 84' lang='lat' dir='ltr'><em>prol.</em></span> <span class='ocrx_word' id='word_1_315' title='bbox 2258 4052 2311 4115; x_wconf 87' lang='lat'><em>3)</em></span> <span class='ocrx_word' id='word_1_316' title='bbox 2366 4046 2449 4109; x_wconf 79' lang='lat' dir='ltr'><em>Cf.</em></span> 
     </span>
     <span class='ocr_line' id='line_1_39' title="bbox 235 4117 2449 4189; baseline -0 -20"><span class='ocrx_word' id='word_1_317' title='bbox 235 4120 436 4186; x_wconf 79' lang='lat' dir='ltr'><em>Waitz,</em></span> <span class='ocrx_word' id='word_1_318' title='bbox 491 4122 586 4173; x_wconf 83' lang='lat' dir='ltr'><em>SS.</em></span> <span class='ocrx_word' id='word_1_319' title='bbox 637 4121 740 4186; x_wconf 92' lang='lat' dir='ltr'><em>IV,</em></span> <span class='ocrx_word' id='word_1_320' title='bbox 787 4124 888 4176; x_wconf 82' lang='grc'><em>521</em></span> <span class='ocrx_word' id='word_1_321' title='bbox 921 4137 1070 4189; x_wconf 79' lang='grc'>899.,·</span> <span class='ocrx_word' id='word_1_322' title='bbox 1127 4121 1411 4187; x_wconf 83' lang='lat' dir='ltr'><em>Wilmans,</em></span> <span class='ocrx_word' id='word_1_323' title='bbox 1464 4121 1536 4173; x_wconf 89' lang='lat' dir='ltr'><em>ib.</em></span> <span class='ocrx_word' id='word_1_324' title='bbox 1587 4121 1702 4185; x_wconf 89' lang='lat' dir='ltr'><em>XI,</em></span> <span class='ocrx_word' id='word_1_325' title='bbox 1752 4122 1856 4175; x_wconf 84' lang='lat'><em>376</em></span> <span class='ocrx_word' id='word_1_326' title='bbox 1888 4135 2034 4186; x_wconf 64' lang='lat' dir='ltr'><em>sqq„</em></span> <span class='ocrx_word' id='word_1_327' title='bbox 2089 4117 2449 4183; x_wconf 81' lang='lat' dir='ltr'><em>Wattenbach,</em></span> 
     </span>
     <span class='ocr_line' id='line_1_40' title="bbox 225 4189 2453 4258; baseline -0.001 -16.981"><span class='ocrx_word' id='word_1_328' title='bbox 225 4191 377 4254; x_wconf 71' lang='lat' dir='ltr'><strong>‘’GQ.</strong></span> <span class='ocrx_word' id='word_1_329' title='bbox 416 4191 489 4242; x_wconf 92' lang='lat' dir='ltr'><em>II</em></span> <span class='ocrx_word' id='word_1_330' title='bbox 496 4190 518 4220; x_wconf 79' lang='lat'><strong>⁶</strong></span> <span class='ocrx_word' id='word_1_331' title='bbox 573 4194 642 4247; x_wconf 85' lang='lat'><em>65</em></span> <span class='ocrx_word' id='word_1_332' title='bbox 665 4208 817 4258; x_wconf 78' lang='lat' dir='ltr'><em>sqq.,·</em></span> <span class='ocrx_word' id='word_1_333' title='bbox 868 4192 1164 4255; x_wconf 78' lang='lat' dir='ltr'><em>Diimmler‚</em></span> <span class='ocrx_word' id='word_1_334' title='bbox 1203 4193 1396 4244; x_wconf 86' lang='lat' dir='ltr'><em>‘Ueber</em></span> <span class='ocrx_word' id='word_1_335' title='bbox 1430 4193 1528 4243; x_wconf 85' lang='lat' dir='ltr'><em>den</em></span> <span class='ocrx_word' id='word_1_336' title='bbox 1565 4192 1762 4243; x_wconf 80' lang='lat' dir='ltr'><em>Mo&#39;nch</em></span> <span class='ocrx_word' id='word_1_337' title='bbox 1802 4190 1957 4243; x_wconf 77' lang='lat' dir='ltr'><em>Otloh</em></span> <span class='ocrx_word' id='word_1_338' title='bbox 1998 4206 2097 4241; x_wconf 86' lang='lat' dir='ltr'><em>von</em></span> <span class='ocrx_word' id='word_1_339' title='bbox 2132 4189 2207 4243; x_wconf 86' lang='lat' dir='ltr'><em>St.</em></span> <span class='ocrx_word' id='word_1_340' title='bbox 2246 4190 2453 4239; x_wconf 84' lang='lat' dir='ltr'><em>Emme-</em></span> 
     </span>
    </p>

    <p class='ocr_par' dir='ltr' id='par_1_9' title="bbox 128 4261 2455 4543">
     <span class='ocr_line' id='line_1_41' title="bbox 128 4261 2451 4329; baseline -0.001 -14"><span class='ocrx_word' id='word_1_341' title='bbox 128 4278 190 4316; x_wconf 80' lang='lat'><em>40</em></span> <span class='ocrx_word' id='word_1_342' title='bbox 223 4261 374 4313; x_wconf 83' lang='lat' dir='ltr'><em>ram’</em></span> <span class='ocrx_word' id='word_1_343' title='bbox 413 4263 941 4329; x_wconf 67' lang='lat' dir='ltr'><em>(‘Sitzunysbeo¹ichte</em></span> <span class='ocrx_word' id='word_1_344' title='bbox 989 4265 1086 4315; x_wconf 83' lang='lat' dir='ltr'><em>der</em></span> <span class='ocrx_word' id='word_1_345' title='bbox 1120 4264 1369 4315; x_wconf 82' lang='lat' dir='ltr'><em>Berliner</em></span> <span class='ocrx_word' id='word_1_346' title='bbox 1403 4263 1720 4315; x_wconf 79' lang='lat' dir='ltr'><em>Akademie&#39;</em></span> <span class='ocrx_word' id='word_1_347' title='bbox 1763 4265 1915 4327; x_wconf 82' lang='lat'><em>1895,</em></span> <span class='ocrx_word' id='word_1_348' title='bbox 1958 4280 2017 4328; x_wconf 79' lang='lat' dir='ltr'><em>p.</em></span> <span class='ocrx_word' id='word_1_349' title='bbox 2059 4262 2451 4325; x_wconf 84' lang='lat'><strong>1071—1102).</strong></span> 
     </span>
     <span class='ocr_line' id='line_1_42' title="bbox 223 4330 2454 4402; baseline -0.003 -15"><span class='ocrx_word' id='word_1_350' title='bbox 223 4336 281 4401; x_wconf 89' lang='grc'><em>4)</em></span> <span class='ocrx_word' id='word_1_351' title='bbox 338 4334 432 4387; x_wconf 82' lang='lat' dir='ltr'><em>SS.</em></span> <span class='ocrx_word' id='word_1_352' title='bbox 485 4334 591 4399; x_wconf 92' lang='lat' dir='ltr'><em>XI,</em></span> <span class='ocrx_word' id='word_1_353' title='bbox 628 4336 749 4389; x_wconf 87' lang='lat'><strong>390.</strong></span> <span class='ocrx_word' id='word_1_354' title='bbox 830 4335 1018 4402; x_wconf 81' lang='lat' dir='ltr'><em>Ipsam</em></span> <span class='ocrx_word' id='word_1_355' title='bbox 1069 4335 1248 4386; x_wconf 85' lang='lat' dir='ltr'><em>Vitam</em></span> <span class='ocrx_word' id='word_1_356' title='bbox 1303 4333 1455 4386; x_wconf 76' lang='lat' dir='ltr'><em>Otloh</em></span> <span class='ocrx_word' id='word_1_357' title='bbox 1503 4335 1701 4400; x_wconf 77' lang='lat' dir='ltr'><em>absque</em></span> <span class='ocrx_word' id='word_1_358' title='bbox 1747 4334 1982 4384; x_wconf 84' lang='lat' dir='ltr'><em>auctoris</em></span> <span class='ocrx_word' id='word_1_359' title='bbox 2029 4336 2239 4384; x_wconf 84' lang='lat' dir='ltr'><em>nomine</em></span> <span class='ocrx_word' id='word_1_360' title='bbox 2287 4330 2454 4383; x_wconf 84' lang='lat' dir='ltr'><em>edidit</em></span> 
     </span>
     <span class='ocr_line' id='line_1_43' title="bbox 225 4402 2455 4473; baseline -0.001 -18"><span class='ocrx_word' id='word_1_361' title='bbox 225 4406 322 4469; x_wconf 80' lang='lat' dir='ltr'><em>(cf.</em></span> <span class='ocrx_word' id='word_1_362' title='bbox 375 4420 558 4456; x_wconf 78' lang='lat' dir='ltr'><em>versus</em></span> <span class='ocrx_word' id='word_1_363' title='bbox 599 4406 827 4471; x_wconf 73' lang='lat' dir='ltr'><em>proloyo</em></span> <span class='ocrx_word' id='word_1_364' title='bbox 871 4406 1212 4472; x_wconf 84' lang='lat' dir='ltr'><em>subiunctos),</em></span> <span class='ocrx_word' id='word_1_365' title='bbox 1261 4422 1422 4473; x_wconf 82' lang='lat' dir='ltr'><em>neque</em></span> <span class='ocrx_word' id='word_1_366' title='bbox 1469 4408 1528 4456; x_wconf 88' lang='lat' dir='ltr'><em>in</em></span> <span class='ocrx_word' id='word_1_367' title='bbox 1577 4404 1840 4456; x_wconf 84' lang='lat' dir='ltr'><em>codicibus</em></span> <span class='ocrx_word' id='word_1_368' title='bbox 1876 4405 2051 4469; x_wconf 86' lang='lat' dir='ltr'><em>operis</em></span> <span class='ocrx_word' id='word_1_369' title='bbox 2085 4402 2222 4454; x_wconf 81' lang='lat' dir='ltr'><em>idem</em></span> <span class='ocrx_word' id='word_1_370' title='bbox 2258 4404 2455 4469; x_wconf 75' lang='lat' dir='ltr'><em>leyitur</em></span> 
     </span>
     <span class='ocr_line' id='line_1_44' title="bbox 225 4477 1388 4543; baseline 0.003 -16"><span class='ocrx_word' id='word_1_371' title='bbox 225 4478 335 4527; x_wconf 83' lang='lat' dir='ltr'><em>nisi</em></span> <span class='ocrx_word' id='word_1_372' title='bbox 368 4478 428 4527; x_wconf 81' lang='lat' dir='ltr'><em>in</em></span> <span class='ocrx_word' id='word_1_373' title='bbox 456 4479 881 4543; x_wconf 85' lang='lat' dir='ltr'><em>praescriptione</em></span> <span class='ocrx_word' id='word_1_374' title='bbox 917 4477 1176 4528; x_wconf 83' lang='lat' dir='ltr'><em>librorum</em></span> <span class='ocrx_word' id='word_1_375' title='bbox 1211 4478 1299 4531; x_wconf 80' lang='lat' dir='ltr'><em>2d.</em></span> <span class='ocrx_word' id='word_1_376' title='bbox 1337 4480 1388 4531; x_wconf 85' lang='lat'><em>3.</em></span> 
     </span>
    </p>
   </div>
  </div>
 </body>
</html>
