3167 5192
1237 471 1701 552 „BRAEFATIQ
1964 478 1969 486 ·
2146 451 2157 478 ·‘
2336 471 2593 540 xxvj]

578 653 796 718 Vitam
850 642 1184 734 Bonifatii
1245 654 1322 720 in
1355 653 1723 728 monaster
1696 675 1759 718 io
1818 654 1945 718 Fu
1964 654 2051 718 ld
2066 673 2099 718 e
2116 675 2163 718 n
2181 673 2213 718 3
2230 652 2258 718 i
2320 659 2591 752 tempore

341 743 661 808 Hattonis
707 727 954 820 abbatis·
999 740 1406 829 (842—2856)
1453 741 1747 838 extitisse,
1808 763 1886 806 ex
1942 741 2149 823 ipsius
2208 740 2473 806 litteris
2492 740 2588 806 in-

343 829 676 912 telleyitur,
747 849 954 912 quas
951 831 1222 908 Leoni
1228 833 1299 900 I
1307 829 1381 897 V
1438 827 1655 918 papae
1722 828 2128 912 (847—855)
2196 829 2585 912 inscripsit,
2543 830 2566 869 ¹

319 920 684 1000 eademque
728 926 961 984 aetate
973 919 1060 986 in
1094 903 1482 1000 bibliotheca
1516 918 1796 985 coenobii
1841 917 2588 985 Laureshamensis

265 1031 298 1070 5
343 1009 514 1072 Vita
569 1008 792 1073 saneti
837 1009 1163 1080 Meda-idi
1215 1013 1286 1075 et
1346 1010 1572 1102 passio
1634 1010 1859 1072 saneti
1906 1008 2271 1073 Bonifacii
2311 1009 2386 1071 in
2447 1029 2586 1072 uno

296 1098 584 1162 codice
631 1098 1188 1162 asservabantur
1145 1099 1170 1137 ²
1759 1133 1768 1142 .

564 1184 750 1249 Inter
793 1185 1032 1251 codices
1075 1185 1447 1253 monasterii
1487 1185 1591 1258 S.
1621 1183 1803 1249 Petri
1850 1183 2586 1270 Salisburyensis

345 1295 510 1338 saec.
561 1273 740 1338 XII.
794 1281 936 1339 erat
990 1277 1074 1339 de
1137 1279 1377 1341 sanci-‚o
1429 1274 1801 1338 Bonifacio
1870 1273 2170 1350 libellus,
2242 1275 2587 1356 quomodo

346 1363 730 1427 Bawariam
769 1363 1135 1428 diviserit
1115 1385 1190 1427 m
1225 1367 1523 1446 quatuor
1559 1363 2057 1446 episcopatus,
2014 1362 2039 1400 3
2106 1325 2273 1426 idem
2311 1360 2585 1440 fortasse

239 1475 302 1514 ιο
327 1457 534 1536 atque
577 1457 765 1531 caput
808 1451 1139 1534 septimum
1183 1449 1565 1531 Willibaldi,
1614 1450 1718 1516 cui
1762 1449 1835 1514 in
1880 1449 2199 1515 codicibus
2244 1470 2383 1514 cum
2428 1448 2584 1514 aliis

345 1545 478 1602 tum
521 1538 946 1604 Baiuvaricis
989 1538 1476 1621 Austriacisque
1506 1537 1615 1622 (4)
1678 1537 1908 1604 similis
1964 1537 2187 1603 titulus
2239 1532 2329 1619 (p.
2366 1545 2470 1618 36,
2505 1539 2579 1621 8)

331 1630 674 1710 praefixus
718 1634 826 1692 est.

570 1716 832 1780 Textum
867 1715 1228 1783 Willibaldi
1271 1723 1683 1782 retractatum
1726 1737 1759 1780 e
1804 1714 2011 1792 codice
2038 1713 2107 1778 B
2120 1735 2274 1779 rux
2288 1715 2438 1779 elle
2452 1713 2585 1778 nsi

345 1827 411 1868 n.
466 1809 904 1886 18644-52,
973 1827 1138 1870 saec.
1189 1805 1369 1886 XII,
1441 1804 1606 1868 olim-
1660 1803 2061 1874 bibliothecae
2120 1803 2191 1868 S.
2238 1801 2586 1880 Laurentii

243 1919 307 1958 15
345 1891 722 1958 Leodiensis
739 1893 782 1971 4,
830 1893 938 1973 fol.
976 1893 1305 1972 68‘—78‘,
1324 1939 1332 1950 -
1343 1892 1591 1974 publici
1619 1892 1787 1957 iuris
1808 1892 2103 1972 'fecerunt
2132 1890 2586 1971 Bollandiani,

344 1981 666 2046 Analecta
685 1980 1136 2048 Bollandiana
1153 1983 1225 2064 I,·
1242 1981 1528 2047 Parisiis
1549 1988 1608 2046 et
1629 1980 1965 2062 Bruxellis
1994 1985 2191 2060 1882,
2205 2001 2275 2061 Ρ.
2298 1986 2471 2056 5l.··.-
2482 1985 2589 2060 712,

345 2069 741 2150 conicientes,
790 2091 944 2152 opus
989 2070 1268 2136 auctoris
1314 2069 1777 2152 primigenium
1822 2091 1865 2133 a
1923 2090 1989 2134 se
2032 2075 2305 2149 erutum,
2352 2074 2590 2145 textum

345 2164 556 2224 autem
613 2158 932 2240 vulyatum
986 2180 1114 2241 pro
1171 2159 1498 2224 immutato
1556 2164 1617 2224 et
1680 2157 1947 2239 eapolito
2013 2157 2367 2222 habendum
2434 2177 2589 2233 esse.-

343 2247 652 2312 Editores
694 2267 840 2311 vero
885 2253 1007 2312 toto
1053 2248 1222 2313 caelo
1267 2268 1535 2328 errasse,
1583 2253 1645 2312 et
1687 2246 1767 2312 G.
1796 2245 2015 2313 Waitz
2060 2245 2271 2310 docuit
2286 2245 2315 2285 ⁵
2348 2251 2414 2323 ,et
2456 2243 2585 2326 ipsi

245 2363 310 2402 20
345 2334 780 2400 Bollandiani
823 2334 1214 2418 aryumentis
1257 2335 1440 2400 novis
1485 2335 1707 2401 allatis
1740 2341 1963 2416 postea
2006 2335 2524 2400 demonstrarunt
2540 2333 2582 2414 ⁶,

345 2430 534 2504 atque
577 2425 654 2488 de
697 2429 866 2488 textu
922 2431 1260 2490 retractato
1319 2424 1446 2506 aqi,
1507 2425 1605 2490 vel
1662 2445 1695 2489 e
1762 2423 1915 2488 locis
1974 2421 2260 2503 Victorii,
2332 2421 2583 2501 Rufini,

347 2511 600 2576 Isidori
659 2535 701 2577 a
759 2511 1130 2579 Willibaldo
1186 2512 1484 2594 expilati-3
1529 2511 1946 2593 ‘intelleyitun
2049 2510 2259 2577 Codes:
2316 2509 2587 2574 Bruxel-

346 2599 546 2665 lensis
569 2600 660 2664 ad
686 2599 894 2683 ipsum
922 2607 1237 2666 auctorem
1260 2600 1735 2667 retractationis
1764 2600 2137 2679 referendus
2164 2599 2415 2664 videtur
2437 2619 2585 2678 esse,

344 2688 525 2770 isque
569 2688 874 2772 inprimis
916 2689 991 2755 id
1033 2689 1173 2772 eyit,
1233 2695 1306 2754 ut
1347 2710 1697 2754 sermonem
1740 2687 2101 2757 Willibaldi
2142 2686 2389 2752 mendis
2433 2707 2589 2768 pur-

249 2803 308 2843 25
341 2784 530 2860 ⁴qaret
572 2783 631 2841 et
675 2777 1053 2860 apertiorem
1103 2777 1669 2860 simplicioremque
1725 2778 2002 2859 faceret,·
2060 2781 2261 2841 temtus
2317 2775 2391 2840 in
2447 2774 2587 2839 uni-

343 2885 598 2930 versum
644 2873 1001 2932 contractus
1046 2873 1153 2948 est,
1201 2887 1398 2948 neque
1442 2887 1589 2931 vero
1636 2865 1756 2930 loci
1800 2867 2041 2946 desunt,
2090 2865 2316 2945 quibus
2349 2865 2588 2928 relatae

345 2974 450 3018 res
503 2960 726 3019 auctae
783 2961 968 3036 atque
1023 2961 1440 3038 exayyeratae
1497 2955 1632 3019 sint
1650 2953 1691 3018 ⁷.
1803 2953 2129 3019 Posterior
2187 2953 2371 3018 Vitae
2421 2972 2589 3034 pars

345 3063 542 3124 quam
585 3042 859 3108 maoeime
916 3042 1148 3108 vitiata
1207 3050 1314 3125 est,
1375 3043 1472 3108 ita
1527 3050 1601 3108 ut
1658 3062 1882 3168 corpus
1926 3041 2262 3122 Bonifatii
2320 3057 2399 3106 ea
2438 3039 2587 3106 ’Ζόοο

355 3233 537 3284 Vitam
563 3234 840 3299 Bonifatii
859 3236 1217 3288 continuerint
1253 3236 1412 3287 codex
1445 3235 1677 3287 Thomas
1704 3205 1839 3286 Phi
1850 3234 1871 3284 Ζ
1884 3234 1942 3284 Ζ
1917 3251 1939 3284 i
1945 3250 1988 3300 p
1994 3249 2079 3300 ps
2106 3233 2590 3299 Cheltenhamcnsis

256 3317 309 3356 30
348 3321 401 3359 a.
442 3306 597 3362 1456.
648 3307 898 3371 scriptus,
954 3307 1080 3357 olim
1117 3305 1320 3372 colleyii
1352 3306 1625 3358 Societatis
1660 3289 1783 3359 Iesu
1819 3291 2147 3370 Moyuntini,
2196 3306 2295 3369 qui
2340 3321 2391 3355 a.
2433 3295 2585 3358 1898.

347 3375 612 3426 Londinii
637 3379 798 3428 veniit
821 3383 846 3442 (
851 3375 936 3431 N.
963 3377 1146 3429 Arch!
1171 3377 1389 3442 XXIV,
1419 3378 1566 3438 747),
1601 3382 1647 3428 et
1678 3377 1841 3427 codeae
1862 3376 2081 3454 Iosephi
2105 3371 2328 3426 Goerr
2342 3390 2423 3439 es,
2461 3375 2587 3426 olim

350 3445 756 3510 Confluentinus
789 3463 845 3502 n.
881 3449 971 3513 23,
1007 3463 1136 3502 saec.
1174 3447 1334 3500 XIII
1361 3451 1405 3514 ((
1405 3447 1633 3499 Archiv'
1679 3447 1834 3512 VIII,
1874 3445 2019 3512 616).
2106 3446 2165 3497 Is
2200 3461 2251 3499 a.
2293 3446 2447 3508 1844,
2484 3459 2589 3510 quo

348 3519 546 3569 codices
573 3517 920 3570 Goerresiani
941 3535 1007 3569 ex
1029 3524 1194 3585 parte
1217 3519 1504 3570 Monacum
1528 3519 1839 3569 transmissi
1862 3524 2005 3583 sunt,
2030 3518 2142 3567 iam
2164 3517 2371 3567 desider
2372 3515 2586 3581 abatur,

348 3595 472 3639 teste
505 3589 746 3654 cataloqo
782 3592 1166 3656 manuscripto,
1201 3590 1266 3640 de
1305 3604 1408 3656 quo
1456 3591 1517 3640 in
1565 3588 1875 3640 bibliotheca
1920 3589 2197 3654 yymnasii
2231 3587 2593 3656 Confluentini

258 3669 312 3709 35
347 3674 500 3710 asser
503 3665 620 3710 zato
642 3657 809 3711 Pesch
832 3677 878 3714 v.
905 3675 944 3716 c.
985 3661 1366 3726 officiosissime
1401 3662 1674 3711 certiorem
1710 3675 1789 3710 me
1812 3661 1949 3724 fecit.
2079 3657 2131 3725 1)
2160 3656 2243 3722 Of.
2272 3653 2587 3729 fraymenta

347 3731 702 3796 epistularum
724 3730 1078 3782 Fuldensium
1114 3748 1150 3781 a
1177 3731 1637 3783 Centuriatoribus
1659 3731 1959 3795 Maydebur
1956 3729 2205 3794 qens-ibus
2234 3735 2447 3780 servata
2481 3723 2585 3792 (cd.
2686 3783 2689 3786 ,

346 3801 647 3866 Dummler,
683 3801 1086 3867 ‘Forschwnyen
1117 3817 1223 3852 zur
1259 3801 1554 3854 Deutschen
1594 3800 1915 3853 Geschichte’
1956 3801 2017 3866 V,
2054 3801 2178 3865 386,
2216 3816 2269 3854 n.
2308 3802 2410 3869 26
2386 3837 2405 3869 ,
2454 3801 2518 3850 M
2521 3799 2584 3853 G
2674 3811 2682 3854 ,·

348 3869 526 3936 Epist.
555 3871 617 3934 V,
650 3875 772 3938 530,
809 3889 862 3927 n
889 3875 1003 3937 31).
1066 3873 1208 3925 Sacc
1235 3871 1339 3926 XI.
1365 3871 1585 3938 OtlohO,
1624 3887 1757 3924 saec.
1782 3872 1909 3926 XV.
1947 3873 2158 3924 auctori
2182 3859 2588 3942 Compilationis

347 3942 636 3993 Fuldensis
671 3958 805 4010 opus
837 3943 1143 3994 Willibaldi
1173 3931 1380 3995 Fuldae
1411 3949 1629 4008 praesto
1665 3959 1725 3994 er
1726 3950 1819 4006 at‚·
1853 3961 1899 3998 v.
1938 3944 2046 4007 infr
2048 3959 2113 3996 a.
2254 3941 2349 4012 ⁵2)
2386 3941 2587 3992 Becker

258 4024 312 4061 40
350 4014 384 4066 Ζ.
417 4013 454 4066 Ζ.
483 4029 544 4078 Ρ.
573 4015 692 4080 113,
731 4029 787 4067 n.
827 4017 948 4070 500.
1093 4015 1150 4079 3)
1191 4014 1276 4067 Ib.
1304 4030 1364 4080 Ρ.
1393 4016 1526 4080 237,
1554 4030 1609 4067 n.
1634 4016 1757 4068 240.
1884 4014 1941 4080 4)
1982 4013 2145 4064 Pars
2154 4013 2321 4080 prior
2356 4011 2585 4062 eiusdem
2601 4040 2640 4062 ι.

347 4084 633 4135 voluminis
675 4089 860 4150 postea
909 4085 1074 4138 codici
1109 4085 1434 4136 Lovaniensi
1479 4101 1532 4138 n.
1573 4082 1689 4136 VL-
1716 4086 1922 4136 inserta
1972 4091 2064 4150 est,
2114 4086 2194 4134 ita
2242 4089 2303 4134 ut
2340 4083 2491 4132 ‘Vita
2540 4086 2619 4132 et·-k

339 4155 531 4221 passio
552 4157 728 4206 sancti
742 4154 1016 4221 Bonefatii
1037 4153 1350 4221 Mayuntini
1373 4155 1785 4222 archiepiscop?
1810 4158 1870 4206 in
1894 4157 2067 4208 indice
2089 4155 2223 4206 libri
2236 4153 2562 4206 Lovaniens

347 4231 752 4278 commemorata
805 4227 1074 4292 (‘Archiv'
1123 4225 1283 4291 VIII,
1318 4227 1459 4286 484,-
1513 4227 1722 4294 Arndt,
1762 4227 1857 4280 SS.
1908 4227 2038 4290 XX,
2076 4227 2203 4291 559)
2258 4225 2329 4275 ad
2382 4228 2529 4275 textu

346 4296 750 4349 Bruxellensem
783 4297 1070 4361 referenda
1091 4299 1178 4351 sit.
1310 4297 1368 4364 5)
1403 4262 1492 4358 (Ν
1518 4298 1591 4348 Ar
1593 4295 1702 4350 ·.’·ch
1737 4289 1915 4363 VIII,
1914 4263 2221 4352 loss—171.
2353 4297 2409 4357 6)
2427 4295 2520 4346 An

256 4376 311 4416 45
351 4367 479 4420 locta
506 4367 752 4420 Bouana.
777 4367 908 4434 XV,
935 4369 1236 4424 268—270.
1296 4368 1376 4432 Cf.
1401 4367 1597 4418 Hauck
1621 4365 1690 4418 1³
1689 4386 1792 4436 ,.p
1819 4371 1943 4434 448,
1976 4386 2029 4422 n.
2062 4371 2106 4422 l.
2234 4365 2289 4436 7)
2316 4365 2489 4417 Eoeem

348 4440 582 4490 alicuius
604 4441 855 4491 momenti
874 4441 936 4491 in
957 4441 1100 4492 notis
1121 4439 1281 4504 attuli
1315 4439 1388 4506 (Ρ.
1419 4440 1502 4505 15,
1527 4441 1616 4493 34.
1653 4441 1741 4505 25,
1764 4441 1853 4494 42.
1890 4441 1977 4506 30,
2001 4438 2088 4493 21.
2126 4439 2213 4504 37,
2238 4440 2324 4492 23.
2364 4439 2461 4504 53,
