3167 5192
675 464 790 519 LII
1557 462 2015 519 PRAEFATIO.

888 652 1039 711 Bon.
1102 671 1148 711 6.
1205 654 1273 710 l:
1338 652 1462 709 Sic
1509 656 1591 710 et
1633 652 1739 709 ille
1785 652 1891 727 qm'
1936 652 2153 709 morbo
2200 651 2463 721 laborat,
2522 668 2570 709 6.
2626 652 2741 709 14;
2806 652 2913 709 Sic

998 746 1062 799 et
1108 743 1254 799 olim
1304 741 1573 810 Paulum
1624 738 1787 798 Serv.
1835 757 1881 798 6.
1920 740 1957 797 5
1992 729 2164 815 (107,
2202 729 2339 817 31):
2391 741 2491 799 Sic
2534 744 2603 797 et
2646 740 2904 798 Paulae.

890 847 1042 906 Bon.
1099 865 1146 905 6.
1197 849 1314 905 20:
1370 846 1538 904 Non
1586 848 1703 905 sic
1749 863 1893 921 ergo
1939 846 2321 917 BonifaciuS‚
2368 864 2524 903 non
2574 847 2716 914 sic,
2768 847 2912 903 sed.

999 964 1073 973 --
1131 954 1250 1004 --;
1300 934 1486 993 Mart.
1537 953 1584 993 6.
1623 936 1659 993 3
1704 925 1920 1011 (1242,
1957 922 2048 1011 8):
2100 933 2339 1009 Corpus
2386 940 2599 993 autem
2646 936 2911 991 Martini

997 1042 1128 1082 non
1174 1026 1281 1094 sic,
1332 1025 1446 1081 sed
1485 1041 1631 1080 eum
1662 1052 1749 1063 -—
1780 1052 1867 1061 ——
1917 1016 2017 1096 [cf.
2059 1021 2162 1080 Ps.
2203 1024 2257 1093 1,
2294 1025 2361 1081 4:
2412 1025 2552 1082 Non
2586 1025 2676 1081 sio
2709 1025 2909 1098 impii,
2952 1041 2991 1080 r>

998 1131 1128 1171 non
1173 1115 1282 1181 sie,
1331 1113 1445 1170 sed
1488 1116 1817 1188 tamquam
1862 1104 2116 1187 pulvis].

691 1215 865 1295 Quae
909 1218 979 1276 ut
1020 1212 1276 1293 sinqula
1333 1211 1574 1277 nullius
1634 1210 1929 1276 momenti
1992 1217 2157 1292 sunt,
2220 1210 2315 1275 ita
2378 1212 2593 1277 eadem
2656 1213 2916 1277 collecta

671 1301 946 1383 probare
990 1301 1284 1365 videntur
1335 1300 1526 1366 etiam
1587 1300 1799 1365 Vitam
1843 1299 2177 1378 Bonifatii
2233 1321 2275 1363 a
2333 1300 2563 1365 studiis
2609 1300 2920 1365 Radbodi

683 1412 812 1454 non
858 1389 1114 1454 omnino
1160 1389 1439 1454 alienam
1485 1410 1615 1453 esse
1635 1390 1675 1453 1.

895 1515 1197 1578 Attamen
1241 1520 1392 1577 sunt
1433 1534 1595 1593 quae
1639 1512 1820 1577 nobis
1860 1513 2295 1593 persuadeant
2339 1513 2702 1596 opusculum
2746 1513 2919 1577 illud
2958 1539 3015 1577 ιο

684 1610 830 1669 ante
875 1604 1186 1667 saeculum
1224 1602 1314 1665 X.
1353 1601 1754 1682 compositum
1799 1622 1948 1666 esse.
2040 1602 2220 1681 Quod
2259 1623 2415 1665 sane
2460 1608 2679 1666 auctor
2708 1601 2913 1666 Boni-

684 1692 920 1771 fatium
965 1712 1094 1755 non
1123 1691 1314 1754 multo
1344 1696 1490 1755 ante
1519 1711 1639 1753 sua
1670 1696 1948 1771 tempora
1978 1712 2021 1754 a
2051 1690 2189 1754 Deo
2218 1689 2479 1754 missum
2514 1711 2643 1755 esse
2686 1690 2917 1755 statuit

690 1778 766 1859 (6.
802 1779 892 1863 4),
939 1780 1089 1843 inde
1132 1778 1244 1843 vics
1287 1778 1621 1859 quicquam
1652 1780 1727 1843 de
1772 1799 1922 1844 aevo
1968 1777 2103 1843 eius
2148 1778 2433 1843 concludi
2477 1778 2636 1860 licet,
2680 1778 2915 1861 quippe

687 1869 796 1950 qui
839 1868 1045 1952 paulo
1103 1888 1300 1947 supra
1359 1865 1443 1947 (c.
1493 1869 1564 1950 3)
1628 1869 1703 1931 de
1763 1865 2012 1948 ‘priscis
2069 1866 2463 1948 temporibus'
2508 1874 2568 1931 et
2608 1867 2916 1932 Martino

695 1955 1050 2021 Turonensi
1095 1955 1334 2037 eyisset,
1382 1962 1567 2036 atque
1614 1962 1979 2037 comparata
2023 1978 2161 2021 cum
2206 1956 2342 2037 ipso
2388 1962 2665 2037 tempora
2710 1955 2915 2020 Boni·
2956 1981 3013 2019 ιε,

686 2043 842 2124 fatii
908 2044 1098 2109 etiam
1165 2065 1215 2109 6.
1287 2066 1346 2107 a.
1399 2050 1546 2107 900.
1617 2045 1794 2109 haud
1856 2044 1952 2108 ita
2020 2050 2255 2109 remota
2322 2044 2678 2109 eoeistimari
2740 2051 2916 2127 pote·

689 2139 856 2197 rant.
952 2134 1170 2215 Neque
1229 2132 1475 2197 auctori
1531 2132 1835 2211 referenti
1893 2130 1972 2215 (6.
2028 2132 2155 2216 16),
2217 2154 2355 2197 cum
2410 2133 2672 2197 muliere
2729 2134 2919 2199 valde

689 2220 1004 2303 decrepita
1046 2242 1111 2286 se
1169 2222 1531 2286 collocutum
1587 2242 1734 2303 esse,
1800 2242 1960 2303 quae
2022 2222 2161 2287 neci
2204 2222 2535 2301 Bonifatii
2591 2243 2656 2286 se
2716 2222 2918 2287 inter-

688 2310 888 2391 fuisse
916 2310 1056 2375 iure
1085 2310 1364 2374 iurando
1385 2310 1773 2391 asseruisset,
1800 2310 2066 2375 nimiam
2089 2310 2523 2375 auctoritatem
2544 2309 2915 2391 attribuam,

690 2421 828 2465 cum
872 2397 982 2463 vics
1024 2398 1173 2477 fieri
1204 2398 1525 2479 potuisset,
1572 2406 1641 2463 ut
1684 2399 1927 2479 mulier,
1973 2421 2135 2481 quae
2192 2421 2253 2463 a.
2306 2405 2451 2463 754.
2512 2398 2681 2463 inter
2738 2399 2919 2463 vivos
2956 2423 3011 2461 20

688 2488 930 2569 fuisset,
965 2493 1112 2569 post
1155 2488 1469 2552 saeculum
1504 2508 1743 2552 non-um
1779 2487 2051 2551 medium
2092 2489 2390 2568 defuncta
2434 2493 2604 2568 esset,
2654 2509 2919 2569 cumque

689 2577 820 2658 ipse
866 2579 941 2641 de
985 2598 1061 2641 ea
1105 2577 1390 2657 deceptus
1434 2597 1562 2641 esse
1595 2576 1803 2657 possit
1830 2577 2011 2641 salva
2042 2576 2206 2641 bona
2236 2576 2371 2641 eius
2399 2578 2543 2656 side.
2622 2576 2919 2640 Maioris

688 2665 982 2730 momenti
1025 2687 1100 2729 ea
1146 2671 1309 2745 sunt,
1371 2686 1531 2747 quae
1589 2671 1808 2729 auctor
1864 2667 1954 2729 act
1994 2665 2239 2746 Anqlos
2296 2664 2697 2730 celebrandos
2755 2686 2916 2729 com-

689 2753 1058 2819 memoravit
1125 2750 1206 2831 (6.
1259 2756 1328 2837 6)
1348 2776 1368 2818 .·
1442 2756 1561 2837 qui
1635 2776 1709 2819 re
1778 2775 1937 2819 vera
2011 2755 2227 2819 fortes
2304 2759 2467 2818 sunt
2535 2758 2605 2819 et
2672 2755 2912 2832 validi,

692 2843 1084 2925 Christique
1143 2844 1531 2925 opitulante
1592 2845 1834 2927 gratia,
1899 2844 2279 2927 provincias
2343 2864 2499 2907 suas
2563 2864 2913 2908 armorum
2956 2866 3014 2905 25

690 2932 1072 3013 viriumque
1146 2932 1579 2995 robusta-rum
1668 2932 1965 3015 presidio
2039 2932 2499 2996 tutissimas
2582 2933 2913 3010 reddunt,

689 3019 1132 3101 aliquando
1187 3023 1418 3083 autem
1477 3024 1755 3103 pyratas
1816 3041 1897 3085 ex
1965 3021 2225 3085 boreali
2292 3024 2487 3104 parte
2556 3022 2941 3091 venientes

687 3109 1055 3191 paciuntur
1132 3108 1454 3185 infestOS,
1549 3129 1747 3191 quos
1838 3113 2104 3173 tamen
2199 3131 2240 3172 a
2328 3109 2644 3173 finibus
2738 3110 2915 3173 suis

688 3201 1074 3261 strennue
1122 3198 1557 3280 pugnando
1605 3198 1981 3261 reiciunt.
2050 3198 2234 3261 Haec
2254 3196 2474 3278 priori
2502 3197 2738 3261 saeculi
2769 3198 2911 3262 IX.

673 3283 857 3367 parti
925 3282 1315 3364 conveniunt,
1388 3286 1466 3348 N
1460 3284 1817 3349 ortmannis
1878 3286 2213 3367 Danisque
2278 3285 2429 3350 inde
2496 3287 2575 3350 ab
2644 3308 2707 3350 a.
2758 3291 2911 3349 787.
2956 3310 3012 3349 so

683 3372 1108 3437 Britanniam
1150 3371 1470 3437 interdum
1515 3373 2061 3455 depraedantibus,
2108 3396 2304 3455 neque
2347 3395 2492 3439 vero
2541 3395 2690 3439 aevo
2736 3374 2914 3439 Rad-

686 3460 846 3541 bodi,
894 3459 1130 3525 scilicet
1171 3462 1416 3525 saeculo
1462 3461 1760 3543 proccimo
1804 3461 2068 3545 ineunti,
2130 3484 2269 3527 oum
2324 3462 2426 3528 illi
2478 3464 2653 3528 sedes
2710 3484 2914 3528 novas

685 3549 758 3615 in
801 3549 1020 3613 insula
1065 3555 1124 3614 et
1166 3549 1613 3631 quaesiverant
1655 3557 1713 3614 et
1754 3558 2223 3633 occupaverant,
2286 3552 2464 3617 bellis
2505 3550 2913 3633 qravissimis

686 3659 822 3702 cum
853 3636 1089 3719 Anqlis
1130 3638 1320 3719 qestis
1339 3640 1380 3701 ².
1469 3638 1627 3704 Cum
1671 3639 1967 3717 fraudem
2010 3640 2205 3703 ullam
2251 3640 2457 3705 verbis
2500 3640 2633 3705 illis
2663 3641 2912 3705 subesse

672 3727 1061 3806 persuadere
1104 3726 1266 3791 milii
1309 3727 1418 3791 via:
1450 3726 1709 3807 possim,
1756 3728 1968 3806 facere
2013 3749 2141 3791 non
2174 3748 2453 3810 possum,
2502 3728 2659 3810 quin
2703 3750 2779 3793 ea
2821 3730 2914 3794 ad
2952 3752 3011 3793 ss

685 3820 998 3879 auctorem
1033 3822 1220 3896 parte
1252 3815 1474 3897 priore
1519 3816 1758 3881 saeculi
1793 3816 1929 3879 IX.
1977 3814 2343 3881 scribentem
2388 3817 2665 3895 referam
2710 3838 2910 3898 neque

684 3904 774 3967 ad
800 3902 1193 3984 Radbodum,
1241 3904 1352 3984 qui
1395 3904 1528 3986 ipse
1571 3904 1825 3986 saepius
1853 3905 2083 3969 Danos
2126 3904 2391 3983 infestos
2426 3926 2659 3986 passus
2703 3912 2907 3988 atque,

685 4148 739 4214 1)
781 4146 928 4211 Quod
966 4150 1013 4201 1.
1045 4147 1172 4212 Ray.
1198 4164 1238 4201 6.
1271 4150 1352 4202 17.
1388 4149 1522 4201 Bon.
1551 4163 1592 4201 6.
1622 4152 1703 4204 10.
1735 4150 1816 4203 13.
1856 4155 1900 4200 et
1927 4150 2093 4203 Suitb.
2128 4166 2168 4204 c.
2194 4152 2231 4204 4
2266 4151 2442 4216 (550),
2480 4149 2678 4203 Psalm.
2703 4152 2792 4215 44,
2820 4152 2910 4205 15.

682 4220 815 4274 Bon.
855 4234 895 4273 c.
933 4220 984 4273 4.
1023 4225 1069 4270 et
1104 4218 1272 4272 Mart.
1309 4234 1350 4273 6.
1378 4222 1407 4273 1
1447 4221 1631 4285 (1241,
1670 4222 1778 4285 19),
1822 4222 2039 4285 Apocal.
2080 4224 2164 4287 14,
2201 4223 2251 4276 4.
2290 4222 2425 4277 Bon.
2462 4236 2502 4275 6.
2530 4224 2614 4276 23.
2652 4226 2699 4273 et
2735 4222 2910 4278 Mart.

681 4307 722 4344 6.
749 4293 782 4344 2
819 4291 1003 4356 (1241,
1036 4292 1131 4355 31)
1167 4290 1500 4351 adhibentur,
1539 4306 1627 4341 res
1661 4294 1756 4342 vix
1790 4292 1959 4343 ullius
1994 4294 2243 4345 momenti
2274 4298 2365 4347 est.
2510 4294 2567 4359 2)
2604 4293 2685 4345 De
2720 4294 2911 4345 ineu-r-
2947 4304 3009 4343 40

679 4362 920 4413 sionibus
953 4363 1180 4413 Danicis
1212 4364 1278 4427 cf.
1317 4378 1358 4416 e.
1395 4377 1482 4427 qr.
1517 4362 1584 4415 Ε.
1611 4364 1680 4416 Α.
1706 4363 1987 4430 Freeman,
2025 4364 2161 4415 ‘The
2197 4364 2403 4429 history
2440 4367 2503 4430 of
2532 4365 2619 4416 the
2655 4365 2913 4417 Norman

679 4439 923 4497 conquest
957 4435 1018 4497 of
1047 4432 1322 4498 Enyland’
1359 4433 1398 4484 I
1407 4432 1443 4498 ⁸,
1480 4435 1551 4488 43
1573 4449 1683 4500 sqq.
