3167 5192
689 523 747 577 X
1573 521 2037 578 PRAEFATIO.

692 705 826 772 sedi
883 705 1393 789 Wirziburyensi
1451 706 1614 770 alter
1657 713 1981 788 praeerat.
2090 706 2266 772 Nam
2326 705 2588 773 concilio
2634 705 2928 771 Romano

689 815 900 860 mense
928 794 1152 878 Aprili
1196 817 1258 859 a.
1293 799 1444 858 769.
1490 793 1705 860 habito
1750 794 2025 878 episcopi
2068 795 2254 878 requi
2282 795 2694 861 Francorum
2737 794 2927 860 inter-

691 891 878 949 erant
889 935 907 966 ,
986 904 1252 967 quorum
1325 883 1590 948 nomina
1664 890 1725 948 et
1794 883 1869 948 in
1943 883 2151 950 codice
2225 883 2419 950 Libri
2482 889 2668 968 ponti
2662 882 2887 963 ficalis
2905 883 2929 923 ²

691 972 1003 1038 Vossiano
1066 967 1248 1050 (olim
1289 971 1859 1054 Autissiodorensi,
1904 994 2069 1038 saec.
2116 972 2268 1054 IX)
2327 979 2387 1038 et
2436 972 2512 1038 in
2569 972 2928 1056 fraymento

691 1061 997 1127 Actorum
1041 1083 1086 1127 a
1141 1060 1447 1128 Caietano
1503 1059 1747 1127 Gennio
1805 1069 1981 1126 eruto
2000 1064 2024 1101 ²
2082 1061 2327 1128 tradita
2380 1068 2549 1142 sunt,
2609 1082 2749 1127 cum
2807 1060 2931 1126 alii

691 1157 822 1215 tum
865 1150 1050 1216 iuxta
1106 1150 1375 1216 codicem
1436 1149 1816 1216 Vossianum
1874 1151 2297 1236 Berohelpos
2355 1152 2717 1236 episcopus
2771 1151 2929 1216 civi-

690 1243 837 1306 tate
863 1240 1292 1324 WirsburgO,
1333 1239 1437 1305 cui
1473 1239 1548 1304 in
1577 1239 1762 1304 Actis
1801 1239 2157 1306 Cennianis
2182 1240 2575 1323 Verabulpo
2607 1240 2926 1324 episcopo

693 1329 1106 1414 Burtevulgi
1149 1349 1375 1393 nomen
1419 1326 1696 1393 inditum
1742 1333 1850 1394 est.
1957 1329 2237 1411 Utraque
2283 1327 2513 1410 (neque
2557 1328 2713 1393 haec
2757 1325 2926 1410 sola)

689 1417 918 1483 misere
963 1423 1260 1498 corrupta
1303 1437 1435 1482 esse
1479 1422 1681 1500 patet,
1742 1423 1927 1500 atque
1982 1416 2264 1484 Gennius
2321 1416 2561 1499 aliique
2618 1417 2693 1482 de
2738 1437 2928 1498 prae-

690 1507 824 1570 sule
868 1508 1138 1588 quodam
1165 1505 1571 1589 Burdigalae
1618 1505 2083 1610 coyitaverunt,·
2128 1508 2253 1585 sed,
2302 1507 2501 1572 altero
2532 1512 2701 1571 textu
2730 1511 2924 1586 eruto,

690 1594 849 1678 quin
923 1595 998 1660 de
1074 1595 1456 1680 Berovelpo
1477 1595 1502 1634 ³
1575 1596 1895 1681 episcopo
1965 1596 2402 1681 wirzeburgi
2482 1601 2733 1676 ayatur,
2817 1593 2929 1658 vix

691 1683 950 1748 dubium
993 1690 1103 1748 est.
1177 1684 1350 1748 Eum
1381 1683 1629 1783 posteri
1655 1683 1795 1749 Ber
1795 1685 2097 1764 nwelfum
2132 1684 2476 1765 vocabant,·
2519 1683 2928 1765 Berowelpus

689 1793 834 1837 vero
879 1771 1132 1838 nomine
1176 1772 1355 1837 haud
1396 1771 1491 1837 ita
1536 1772 1851 1838 communi
1907 1772 1982 1838 in
2040 1773 2381 1873 diplomate
2426 1771 2760 1837 Dudowici
2816 1770 2929 1836 im-

681 1860 1004 1942 peratoris
1049 1883 1110 1925 a.
1161 1867 1311 1926 837.
1359 1861 1778 1944 appellatur.
1734 1862 1759 1900 4
1865 1863 2040 1943 Quae
2083 1861 2144 1927 si
2186 1867 2348 1927 recte
2392 1860 2740 1940 statuerim,
2787 1881 2929 1926 eum

691 1970 821 2015 non
877 1957 1025 2032 post
1095 1972 1157 2014 a.
1221 1955 1370 2013 768.
1441 1949 1825 2032 Meyinyozo
1891 1949 2258 2016 successisse
2326 1949 2558 2032 liquet⁵
2557 2000 2575 2030 ,
2647 1947 2757 2031 qui
2824 1949 2928 2014 die

692 2044 798 2102 26.
872 2038 1251 2120 Septembris
1328 2037 1554 2104 obiisse
1629 2039 1898 2120 fertur,
1857 2040 1881 2077 ⁶
1976 2039 2307 2120 Vitwmque
2374 2037 2713 2117 Bonifatii
2786 2037 2927 2102 vivo

693 2127 974 2209 Pippino
1032 2150 1094 2192 a.
1148 2133 1405 2191 755—7
1414 2133 1518 2191 68.
1582 2127 1987 2212 compositam
2034 2148 2163 2193 esse
2222 2127 2521 2207 efficitur.
2628 2125 2731 2192 De
2790 2146 2927 2191 con-

690 2216 837 2280 silio
881 2215 1174 2283 ecclesiae
1220 2216 1293 2281 in
1346 2217 1476 2282 loco
1533 2216 1837 2300 martyrii
1896 2218 2349 2282 construendae
2408 2221 2627 2282 auctor
2684 2216 2929 2280 addens

695 2437 746 2498 1)
785 2435 888 2491 Ed.
921 2435 1196 2488 Duchesnc
1232 2436 1280 2501 I,
1305 2437 1451 2498 473,·
1479 2435 1883 2501 Werminyhoff,
1915 2435 2047 2490 Ma.
2075 2435 2315 2488 Concilia
2346 2435 2426 2500 ΙΙ,
2447 2437 2533 2491 75.
2640 2435 2697 2501 2)
2718 2434 2925 2501 Mansi,

694 2506 885 2561 Concil.
924 2506 1064 2574 XII,
1093 2509 1231 2567 715,·
1271 2506 1669 2573 Werminyhoff
1709 2507 1743 2560 l.
1784 2507 1819 2560 l.
1863 2523 1922 2573 p.
1960 2509 2047 2561 80.
2204 2507 2259 2574 3)
2297 2506 2519 2558 Litteris
2556 2506 2591 2559 b
2627 2511 2673 2558 et
2709 2523 2745 2557 v
2781 2521 2926 2558 more

691 2578 912 2644 vulyari
943 2579 1291 2644 commutatis,
1331 2579 1568 2641 fortasse
1604 2575 1915 2645 Berobelpo
1952 2579 2011 2629 in
2034 2579 2185 2629 Actis
2222 2577 2505 2643 leyebatur.
2649 2577 2704 2643 4)
2738 2576 2926 2628 Manl-

691 2649 883 2702 bacher
917 2647 1002 2715 1²,
1051 2665 1106 2704 n.
1145 2651 1265 2704 971.
1410 2649 1466 2715 5)
1511 2649 1766 2700 Attamen
1800 2656 1988 2700 auctor
2022 2648 2261 2700 chronici
2296 2648 2775 2700 Laureshamensis
2800 2654 2927 2714 post

692 2735 742 2774 a.
772 2721 929 2777 1167.
953 2722 1228 2787 compositi
1246 2719 1622 2786 Meyinqozum
1644 2720 1879 2772 ecclesiae
1902 2719 2355 2772 Laurcshamensi
2385 2719 2705 2771 dedicandae
2742 2735 2792 2772 a.
2820 2721 2928 2773 774

691 2791 854 2859 (Sept.
876 2792 932 2858 1)
955 2792 1037 2843 vel
1059 2793 1181 2856 777,
1205 2793 1340 2843 sicut
1363 2793 1474 2858 ipse
1497 2807 1682 2843 errore
1703 2794 1935 2860 scripsit,
1954 2793 2266 2855 interfuisse
2288 2791 2452 2843 voluit
2469 2791 2590 2855 (SS.
2610 2789 2772 2856 XXI,
2792 2791 2927 2855 348,-

691 2863 764 2925 cf,
790 2861 1142 2914 Mambacher
1160 2861 1241 2928 1²,
1265 2879 1320 2917 n.
1344 2863 1526 2930 1670),·
1548 2862 1639 2914 sed
1661 2864 1772 2929 ipse
1795 2862 1950 2927 fidem
1977 2877 2179 2916 omnem
2202 2861 2307 2913 sibi
2330 2861 2624 2928 abroyavit,
2652 2861 2929 2913 Ludowici

692 2934 782 2985 Pii
816 2949 1000 2986 nomen
1035 2934 1252 2998 addens,
1288 2949 1439 2999 quem
1475 2948 1620 2984 anno
1654 2934 1862 2985 demum
1900 2936 2019 2989 778.
2057 2940 2245 2986 natum
2280 2947 2388 2984 esse
2435 2938 2651 2986 constat.
2724 2932 2927 2984 Deinde

703 3004 1118 3057 Wandalbertus
1153 3013 1231 3069 (a.
1255 3006 1389 3068 839)
1425 3004 1498 3055 ad
1531 3004 1796 3057 ecclesiam
1832 3005 1887 3059 S.
1917 3005 2117 3056 Goaris
2149 3005 2559 3056 consecrandam
2580 3008 2927 3068 sanctumque

690 3076 1131 3139 transferendum
1179 3091 1298 3126 cum
1347 3075 1568 3127 Lullum
1617 3074 1992 3141 Moyuntinum
2039 3081 2089 3127 et
2138 3076 2406 3127 Basinum
2448 3075 2768 3142 Spirensem,
2812 3079 2926 3126 tum

691 3146 1069 3212 Mehinyodum
1100 3147 1581 3212 Wirziburqensem
1616 3163 1653 3198 a
1692 3147 1883 3200 Carolo
1917 3163 2038 3214 reye
2074 3149 2264 3198 missos
2300 3162 2407 3198 esse
2441 3146 2671 3197 tradidit
2704 3145 2922 3211 (Mirac.

696 3218 894 3270 Goaris
928 3234 971 3270 c.
1012 3220 1061 3284 1,
1100 3217 1195 3272 SS.
1233 3218 1361 3284 XV,
1398 3219 1544 3284 364),
1581 3218 1775 3270 scilicet
1812 3233 1957 3270 anno
1993 3220 2114 3273 768.
2153 3223 2366 3270 exeunte
2406 3223 2501 3268 aut
2532 3218 2819 3284 prooeimis,
2866 3217 2925 3267 id

691 3290 829 3355 quod
861 3305 981 3340 cum
1016 3295 1246 3356 tempore
1279 3290 1496 3342 concilii
1527 3289 1763 3341 Romani
1795 3292 1888 3340 vix
1924 3303 2178 3355 aegreque
2220 3290 2469 3343 convenit.
2542 3287 2667 3340 Mea
2714 3288 2925 3354 quidem

691 3361 935 3426 opinione
989 3359 1338 3426 Mcqinqodus
1394 3363 1668 3426 episcopus
1727 3360 1876 3412 haud
1934 3362 2013 3410 ita
2072 3363 2285 3426 iynotus
2343 3361 2554 3410 auctori
2609 3359 2925 3410 Germanico

689 3433 914 3497 facilius
934 3430 1215 3498 subrepere
1241 3435 1452 3499 poterat
1475 3447 1635 3498 quam
1662 3431 1981 3497 Berovelpus
2002 3445 2267 3483 successor
2288 3432 2543 3497 scriptori
2564 3430 2921 3495 synodalium.

691 3503 753 3554 Si
787 3502 1104 3568 Eqilwardo
1138 3504 1235 3569 qui
1266 3503 1465 3554 dicitur
1500 3503 1661 3565 (Vita
1683 3501 1762 3556 II.
1788 3501 2103 3554 Bwrchardi
2125 3501 2237 3567 III,
2267 3504 2314 3567 1,
2354 3501 2448 3554 SS.
2476 3499 2608 3566 XV,
2636 3501 2732 3565 60)
2768 3500 2923 3564 fidem

691 3573 882 3626 habere
919 3574 1107 3634 liceret,
1148 3573 1499 3642 Mcyinyodus
1539 3578 1664 3639 post
1698 3589 1896 3625 munus
1929 3573 2219 3640 episcopale
2266 3572 2584 3637 abdicatum,
2624 3571 2923 3638 Berowclpo

689 3645 988 3710 substituto,
1037 3646 1375 3712 aliquantum
1421 3651 1626 3710 tempus
1675 3645 1734 3694 in
1771 3644 2108 3696 Rorinlacha
2158 3644 2270 3695 loco
2316 3645 2513 3695 vixisse
2556 3649 2714 3709 atque
2764 3645 2923 3694 etiam

692 3715 886 3768 Carolo
909 3716 986 3771 M.
1022 3721 1272 3782 reynante
1305 3718 1446 3767 inter
1480 3718 1620 3768 vivos
1642 3715 1842 3781 deyisse
1872 3716 2164 3768 credendus
2200 3721 2349 3774 erat,·
2380 3715 2474 3766 sed
2497 3718 2671 3766 testem
2697 3716 2923 3765 nimium

688 3789 945 3838 incertum
982 3789 1194 3840 omnino
1227 3787 1494 3853 neqleyere
1527 3792 1575 3839 et
1611 3785 1859 3838 Hauckio
1894 3785 2345 3851 (‘Kirchenyesch,
2379 3785 2670 3840 Deutschl!
2694 3783 2809 3850 11²,
2832 3786 2920 3850 49,

689 3873 744 3909 n.
780 3861 841 3918 2)
877 3863 924 3909 et
959 3858 1096 3910 mihi
1130 3861 1300 3910 visum
1337 3864 1425 3912 est.
1465 3887 1534 3896 --
1569 3858 1776 3909 Auctor
1819 3857 2217 3909 Translationis
2252 3857 2466 3908 Liborii
2506 3873 2547 3910 c.
2584 3860 2617 3912 5
2653 3857 2775 3921 (SS.
2814 3855 2919 3915 IV,

691 3930 822 3990 151)
869 3929 1132 3981 eccksiam
1168 3929 1721 3981 Patherbrunnensem
1771 3934 1914 3996 (post
1964 3944 2015 3982 a.
2056 3929 2187 3988 777)
2227 3927 2573 3993 praesulibus
2620 3926 2921 3979 Wirzibur-

685 3999 936 4067 qen-sibus
983 4000 1396 4053 commendatam
1438 4014 1547 4052 esse
1584 4002 1839 4050 narravit
1872 4015 2039 4066 neque
2072 4014 2192 4050 vero
2226 4001 2452 4067 episcopi
2488 4004 2584 4049 aut
2620 3996 2924 4064 Mcqinqozi

689 4077 786 4122 aut
819 4070 965 4122 alius
1012 4071 1289 4123 cuiusdam
1323 4086 1508 4123 nomen
1543 4070 1738 4134 attulit,
1788 4069 1847 4120 id
1888 4070 2028 4137 quod
2063 4070 2131 4124 A.
2161 4068 2357 4121 Hauck
2392 4071 2678 4122 credidisse
2711 4070 2922 4120 videtur

687 4143 748 4208 (l.
786 4144 823 4197 l.
860 4140 974 4208 11²,
1018 4158 1078 4209 p.
1115 4144 1204 4208 49,
1239 4159 1295 4196 n.
1332 4145 1399 4202 2,-
1441 4157 1499 4208 p.
1541 4143 1627 4207 75,
1678 4159 1731 4195 n.
1771 4143 1832 4201 7,·
1872 4159 1932 4208 p.
1970 4144 2093 4206 377,
2136 4157 2192 4193 n.
2232 4143 2305 4204 1).
2474 4143 2531 4207 6)
2587 4141 2672 4204 Cf.
2722 4139 2923 4193 Necro-

685 4215 888 4280 loqium
910 4213 1355 4279 Merseburqense,
1381 4213 1459 4266 ed.
1480 4213 1778 4280 Dummler,
1804 4213 1965 4264 ‘Neue
1984 4211 2393 4278 Mittheilunyen
2410 4213 2502 4264 des
2527 4210 2919 4276 Tharinqisch-

2964 1082 2993 1123 6

2968 1527 3021 1566 10

2967 1970 3021 2010 15

2966 2517 3023 2555 20

2964 2871 3020 2911 25

2964 3227 3019 3266 30

2961 3582 3017 3621 35

688 4284 1034 4337 Sachsischcn
1072 4284 1311 4336 Vereins’
1344 4291 1433 4335 eto.
1470 4283 1576 4350 XI,
1618 4285 1775 4350 1867,
1808 4300 1867 4351 p.
1907 4285 2046 4343 242,·
2090 4284 2297 4350 Corpus
2333 4283 2568 4350 Reyulae
2608 4282 2664 4337 S.
2703 4282 2921 4333 Kiliani
2955 4293 3013 4332 45

688 4356 791 4422 (ed.
841 4355 1053 4422 Weqek,
1106 4354 1394 4408 ‘AbhandL
1446 4354 1542 4406 der
1590 4354 1716 4408 hist.
1764 4354 1943 4406 Classe
1990 4355 2087 4406 der
2121 4354 2451 4407 Mouchener
2485 4354 2777 4406 Akademie
2823 4353 2921 4404 der

697 4424 1029 4480 Wissemch!
1055 4426 1222 4494 XIII,
1251 4429 1306 4490 3,
1339 4427 1494 4489 1877,
1529 4444 1584 4493 p·
1610 4427 1737 4486 52);
1777 4425 1945 4479 Gatal.
1980 4428 2132 4492 episc.
2163 4425 2387 4484 Wirzib.
2424 4425 2547 4491 (SS.
2574 4424 2741 4486 XIII,
2767 4425 2917 4488 338).
