3167 5192
461 524 697 579 VITAE
731 522 1136 579 BONIFATII
1169 522 1529 581 AUCTORE
1566 522 1874 579 O'I'LOHO
1910 522 2148 579 LIBER
2169 522 2252 578 Π.
2376 528 2480 580 173

222 712 335 772 sed
383 712 679 772 ministros
722 717 961 772 satanae
1004 718 1059 771 et
1090 730 1465 787 precursores
1512 712 1878 772 antichristia
1892 760 1905 771 .
1989 714 2134 790 Quis
2177 713 2328 771 enim
2373 712 2476 771 ali-
2498 733 2635 780 spese.
2651 732 2721 773 59.

224 802 470 876 quando
528 802 915 876 apostolorum
958 820 995 860 v
1018 803 1092 861 el
1137 790 1409 876 quilibetb
1449 806 1774 861 sanctorum
1819 820 1893 859 ea·
1937 802 2168 875 capillis
2211 802 2334 860 suis
2379 806 2482 859 aut

226 890 475 965 unqulis
509 909 627 965 pro
672 891 1036 949 sanctitate
1070 890 1310 965 populis
1356 890 1547 949 tribui
1562 894 1614 959 t,
1661 896 1728 949 ut
1768 890 1874 949 iste
1908 890 2270 964 perniciosus
2315 908 2480 965 aqere

230 984 479 1039 conatus
523 984 607 1038 est
634 978 1008 1039 Aldebertus⁶
1022 982 1051 1038 2
1126 978 1239 1039 Sed
1266 980 1370 1039 hoc
1397 980 1577 1038 scelus
1613 998 1652 1037 a
1679 984 1864 1038 vestro
1893 969 2128 1038 sancto‘¹
2159 980 2480 1053 apostolatu

156 1088 189 1127 5
230 1068 611 1127 resecandum
656 1073 740 1127 est
784 1073 901 1127 tam
946 1069 1013 1127 de
1056 1068 1157 1128 illo
1203 1086 1375 1143 quam
1418 1068 1590 1127 etiam
1625 1068 1694 1126 de
1733 1073 2151 1143 transqressore
2184 1068 2476 1136 Clemente,

232 1158 342 1231 qui
388 1176 586 1217 sacros
643 1175 882 1216 canones
937 1158 1159 1231 spernit
1214 1162 1381 1231 atque
1432 1157 1811 1231 expositiones
1865 1160 2190 1216 sanctorum
2236 1161 2480 1230 patrum

232 1246 557 1315 Ambrosii,
589 1245 899 1321 Auqustini
936 1251 1379 1321 ceterorumque
1414 1246 1652 1320 respuit.
1731 1246 1938 1305 Ambo
1973 1246 2207 1319 itaque
2241 1246 2480 1304 iustam

234 1335 481 1409 diqnam
494 1353 530 1409 q
543 1354 584 1393 u
598 1354 627 1393 e
672 1334 1254 1410 transqressionibus⁶
1310 1335 1432 1394 suis
1474 1335 1795 1409 suscipiant
1841 1334 2212 1393 sententiam'.

459 1424 783 1483 Zacharias
826 1429 1039 1483 sanctu
1052 1442 1081 1482 3
1115 1442 1283 1498 papa
1310 1424 1496 1482 diaeit:
1546 1422 1726 1501 ‘Quia
1768 1423 1888 1481 iam
1935 1423 2160 1483 tardior
2203 1423 2350 1482 hora
2379 1426 2478 1491 est,

136 1533 199 1571 ιο
236 1518 483 1572 venturo
497 1501 525 1543 f
562 1513 865 1572 secretario
910 1513 950 1571 d
963 1532 993 1571 e
1036 1514 1371 1587 conscripta
1414 1513 1550 1571 vita
1595 1517 1651 1571 et
1691 1512 1918 1571 orat-ion
1932 1531 1980 1580 e,
2028 1530 2202 1586 quam
2245 1512 2356 1571 sibi
2385 1529 2478 1569 eae·

229 1602 477 1676 ponit&
520 1602 1041 1671 Aldebertusss,
1088 1602 1176 1660 vel
1221 1602 1301 1661 de
1346 1602 1569 1683 ceteris
1614 1602 1774 1660 eius
1816 1601 2084 1676 qestis,
2133 1619 2277 1659 cum
2322 1600 2483 1659 nobis

240 1692 405 1749 lecta
450 1690 687 1762 fuerint,
736 1691 1017 1750 communi
1060 1708 1348 1760 consensu,
1394 1690 1676 1749 mediante
1718 1689 1865 1759 Deo,
1911 1690 2050 1764 quid
2093 1688 2226 1761 fleri
2269 1688 2480 1757 debeat,

230 1778 759 1854 pertractemus'.

466 1868 819 1943 Cumque
884 1869 970 1927 in
1036 1870 1312 1928 eodem
1378 1868 1513 1927 die
1576 1872 1851 1927 sanctus
1917 1866 2261 1925 Zacharias
2317 1882 2486 1939 papa

147 1976 205 2017 15
243 1958 703 2037 ceterique
783 1958 1054 2031 episcopi
1141 1976 1463 2017 necnon
1540 1956 1876 2031 presbiteri
1963 1954 2484 2029 supradicti

245 2046 595 2121 aliique
662 2046 919 2105 clerici
978 2047 1603 2106 convenissent
1655 2046 1720 2104 in
1777 2043 2485 2119 prenominatam

247 2135 493 2194 basilica
512 2154 571 2193 m
593 2179 611 2204 ,
666 2134 981 2210 G'reqorius
1026 2136 1287 2194 notarius
1332 2135 1697 2210 reqionarius
1741 2139 1796 2193 et
1837 2133 2268 2193 numenculator
2297 2131 2483 2189 dimit.-

249 2222 457 2283 ‘Iuaeta
511 2212 729 2283 vestrih
780 2224 964 2283 sancti
1026 2225 1376 2298 apostolatus
1422 2228 1802 2297 preceptum,
1863 2242 1940 2297 qu
1954 2242 1985 2282 o
1999 2223 2039 2280 d
2095 2222 2158 2281 in
2205 2220 2486 2295 preterito

244 2313 553 2372 secretario
598 2313 866 2381 iussistis,
912 2301 1289 2371 Deneardus¹
1335 2313 1635 2387 reliqiosus
1669 2312 1957 2386 presbiter
2001 2311 2162 2369 adest
2193 2329 2307 2383 pre
2341 2309 2480 2367 velo.

152 2422 211 2461 20
255 2402 411 2479 Quid
443 2402 750 2475 precipitis
766 2406 795 2460 ?
809 2402 825 2429 '
918 2400 1157 2461 Dictum
1200 2407 1315 2461 est.-
1371 2400 1783 2476 ‘Inqrediatur'
1794 2448 1806 2459 .
1905 2401 2154 2473 Cumque
2195 2399 2487 2473 inqressus

247 2495 407 2559 esset,
467 2490 791 2549 Zacharias
849 2496 1061 2549 sanctu
1075 2510 1106 2549 3
1151 2509 1319 2565 papa
1362 2490 1544 2549 dixit.-
1607 2488 1804 2548 ‘Actus
1860 2489 2023 2547 illius
2078 2486 2486 2558 nefandissimi

248 2568 583 2638 Aldebertik
633 2580 753 2638 sive
808 2576 991 2657 cetera
1034 2599 1063 2639 e
1084 2580 1178 2638 ius
1222 2567 1576 2653 conscripta¹
1593 2624 1610 2647 ,
1665 2596 1810 2652 quae
1841 2578 2121 2651 preterito
2177 2574 2483 2635 secretario

250 2670 337 2727 in
381 2668 646 2727 manibus
686 2669 937 2743 qerebas,
986 2686 1179 2727 coram
1213 2672 1478 2742 presente
1522 2666 1757 2727 concilio
1791 2666 2033 2740 porriqe
2062 2664 2331 2739 leqenda'.
2403 2663 2488 2721 Et

252 2756 533 2831 accipiens
584 2756 991 2831 Theophanius
1040 2757 1304 2816 notarius
1360 2756 1724 2831 reqionarius
1776 2759 1831 2813 et
1885 2753 2224 2825 sacellarius
2281 2752 2484 2827 leqitm

158 2864 215 2906 25
251 2846 429 2905 vitam
473 2846 653 2915 illius,
702 2846 864 2905 cuius
906 2846 1180 2905 initiumss
1232 2850 1344 2905 est.-

468 2933 565 2994 ‘In
608 2935 833 2994 nomine
877 2935 1093 2994 domini
1136 2934 1359 2994 nostri⁰
1400 2934 1535 2993 Iesu
1582 2932 1802 2991 Christi
1844 2932 2050 3006 incipit
2091 2930 2178 2989 vit
2197 2948 2236 2988 a
2279 2929 2486 2989 sancti

253 3024 343 3083 etl’
396 3024 567 3083 beati
609 3024 881 3083 Aldebert
899 3012 966 3082 ik
1016 3024 1288 3098 episcopi
1330 3012 1444 3081 eoc‘1
1494 3022 1754 3081 electione
1797 3020 1915 3080 Dei
1956 3024 2062 3079 nat
2080 3020 2121 3079 i.
2214 3018 2308 3077 De
2353 3018 2483 3077 sim-

244 3112 496 3187 plicibus
544 3113 886 3187 parentibus
944 3112 1104 3183 fuit‘l
1146 3117 1489 3187 procreatus
1546 3116 1602 3169 et
1657 3111 1724 3169 de
1780 3110 1977 3185 qratia
2019 3108 2136 3167 Dei
2195 3113 2278 3166 est
2333 3126 2484 3166 coro·

254 3207 441 3271 natus,
487 3202 645 3276 quia,
693 3202 829 3260 dum
873 3202 937 3260 in
994 3206 1153 3262 utero
1168 3203 1194 3234 r
1247 3202 1455 3260 matris
1512 3218 1650 3259 suae
1706 3219 1736 3258 e
1757 3218 1786 3258 s
1808 3218 1839 3258 3
1857 3204 1973 3267 et,
2032 3198 2240 3256 ibidem
2291 3196 2488 3271 qratia

167 3312 222 3353 ³0
254 3289 371 3349 Dei
414 3290 565 3371 cepit
604 3290 689 3349 in
734 3310 763 3349 e
786 3310 819 3351 o
864 3310 898 3348 r
920 3309 949 3348 e
972 3291 1039 3349 ti
1060 3310 1101 3349 n
1122 3309 1151 3348 e
1173 3290 1254 3350 ri
1297 3295 1367 3359 et,
1415 3293 1718 3363 antequam
1765 3288 2121 3361 pervenisset
2161 3285 2490 3343 beatissima

257 3380 530 3439 nativitas
572 3380 713 3449 eius,
760 3380 910 3438 vidit
950 3380 1205 3454 qenitrioe
1260 3380 1382 3438 eius
1427 3396 1542 3452 per
1584 3378 1858 3436 visionem
1910 3376 2078 3450 quasi
2120 3374 2488 3449 eqredientem

256 3469 497 3527 vitulum
526 3468 595 3527 de
622 3468 823 3527 deaetro
870 3470 1046 3527 latere
1089 3486 1209 3528 suo.
1288 3468 1401 3545 Qui
1444 3486 1485 3527 n
1506 3468 1531 3525 i
1552 3485 1612 3525 m
1632 3466 1657 3526 i
1679 3486 1714 3524 r
1735 3484 1776 3524 u
1797 3484 1855 3523 m
1897 3465 2114 3523 vitulus
2157 3462 2490 3536 desiqnabat

258 3558 419 3616 illam
454 3557 725 3631 qratiam,
758 3574 931 3631 quam
960 3562 1255 3631 acceperat
1280 3558 1352 3615 ab
1382 3556 1600 3631 anqelo,
1638 3559 1941 3628 antequam
1961 3552 2148 3611 ean-iret
2173 3552 2241 3609 de
2268 3550 2483 3609 vulva'.

472 3646 721 3721 Cumque
762 3646 855 3705 hic
884 3646 1107 3705 libellus
1150 3664 1325 3719 usque
1369 3644 1482 3703 ad⁸
1516 3643 1686 3716 finem
1731 3644 1925 3701 lectus
1948 3631 2190 3713 fuissett
2203 3686 2222 3709 ,
2270 3640 2485 3697 Zacha-

174 3754 226 3797 35
259 3734 383 3793 rias
426 3740 648 3794 sanctu
670 3753 699 3793 s
744 3754 913 3809 papa
956 3734 1141 3794 discit:
1190 3733 1369 3812 ‘Quid
1426 3734 1504 3792 ad
1546 3733 1626 3792 ha
1645 3751 1686 3791 n
1707 3750 1737 3790 c
1787 3730 2138 3805 blasphemia
2159 3746 2217 3787 m
2260 3746 2486 3801 respon-

260 3824 417 3893 detis,
494 3823 842 3883 sanctissimi
916 3825 1137 3894 fratres
1152 3827 1181 3882 P
1196 3824 1212 3851 ’
1327 3822 1740 3897 Ir'hn'phaniusu
1813 3820 2108 3895 episcopus
2179 3816 2480 3899 ecclesiaeV

262 3917 485 3971 sanctae
543 3910 737 3972 Silvae
792 3912 1085 3973 Candidae
1142 3912 1325 3972 dixit.-
1397 3910 1688 3971 ‘DomneW
1734 3908 2054 3989 apostolice,
2122 3908 2235 3967 eoe¹
2289 3905 2492 3965 divina

470 4117 573 4161 v11.
626 4118 731 4167 Cap.
755 4118 796 4156 4.
863 4118 903 4157 1.
933 4118 1002 4157 20.
1018 4117 1059 4157 b.
1075 4128 1112 4156 c.

265 4205 306 4258 a)
331 4206 377 4244 in
394 4216 484 4245 ras.
506 4205 572 4245 2b.
667 4206 713 4258 b)
743 4206 954 4254 quislibet
972 4209 1012 4256 1,
1035 4216 1148 4245 corr.
1246 4203 1287 4257 o)
1316 4201 1560 4243 Aldbertus
1578 4203 1620 4245 1.
1717 4199 1763 4252 d)
1793 4212 1876 4243 om.
1899 4202 1964 4243 20.
2062 4200 2104 4251 e)
2124 4196 2490 4261 transgressionis

178 4262 233 4302 40
264 4270 315 4299 ιιι
354 4258 522 4309 cipiunt
539 4270 617 4307 pr.
647 4272 707 4299 m.
735 4260 795 4302 2⁶.
947 4260 966 4297 f
1010 4264 1203 4299 ventura
1228 4260 1267 4301 1.
1297 4260 1351 4298 2a
1376 4259 1549 4305 (corn).
1703 4256 1747 4307 g)
1775 4254 2004 4304 componit
2031 4254 2096 4295 211.
2256 4251 2304 4302 h)
2332 4252 2419 4290 vin
2446 4252 2486 4289 1.

265 4312 296 4365 i)
322 4312 615 4353 Denehardun
645 4314 710 4356 25.
870 4312 917 4364 k)
988 4313 1152 4353 ldberti
1179 4314 1219 4351 1.
1382 4311 1415 4363 l)
1452 4310 1622 4359 scripta
1648 4310 1716 4349 2a.
1734 4308 1774 4347 b.
1791 4320 1827 4347 c.
1989 4307 2050 4356 m)
2081 4307 2112 4349 l.
2138 4316 2182 4345 v,
2207 4304 2274 4345 iu.
2303 4315 2387 4346 om.
2419 4304 2488 4343 21».

266 4368 310 4415 n)
347 4366 412 4405 ita
438 4366 542 4407 add.
572 4368 635 4409 2⁶.
796 4366 839 4417 o)
882 4377 965 4406 om.
995 4366 1020 4405 1
1054 4376 1151 4404 cum
1176 4366 1269 4405 cod.
1299 4363 1524 4405 Gar-lerata.
1556 4364 1630 4411 (2)
1666 4362 1963 4410 epistularum.
2125 4358 2173 4409 p)
2216 4354 2320 4397 Διά.
2360 4362 2408 4397 et
2441 4358 2486 4397 b.

268 4420 328 4470 20,
356 4430 469 4462 corr.
576 4421 621 4469 q)
650 4430 798 4470 procr.
829 4420 955 4469 (proc
981 4430 1094 4459 corr.
1125 4429 1147 4457 e
1172 4418 1250 4469 pa.)
1276 4419 1363 4457 ruit
1389 4418 1456 4458 21».
1566 4415 1608 4467 r)
1635 4419 1794 4455 ventre
1822 4414 1888 4453 22».
1997 4413 2035 4464 s)
2063 4412 2112 4450 ln
2140 4412 2200 4452 20.
2308 4412 2342 4460 t)
2372 4415 2492 4451 esset

266 4478 385 4512 versu
419 4482 489 4513 ex.
517 4484 576 4513 m.
606 4474 666 4513 al.
695 4474 839 4521 suppl.
880 4474 941 4513 2ο.
1104 4472 1151 4523 u)
1188 4471 1368 4523 Epyph.
1400 4472 1471 4509 2a.
1634 4470 1682 4518 v)
1720 4472 1874 4508 sancte
1909 4464 2100 4507 ecclesie
2139 4464 2190 4503 Σο
2225 4474 2320 4503 cum
2347 4464 2488 4513 Epist.

182 4528 234 4569 45
266 4526 323 4579 w)
350 4526 528 4566 domine
556 4526 614 4578 (1)
642 4537 737 4566 cum
765 4526 902 4575 Epist.
1012 4526 1060 4577 x)
1089 4531 1135 4565 et
1151 4536 1229 4573 pr.
1258 4536 1317 4567 m.
1343 4526 1411 4566 2a.
2031 4532 2034 4545 ¹
