3167 5192
728 470 801 524 98
895 466 1090 522 VITA
1124 465 1444 536 QUARTA
1481 464 1886 522 BONIFATII
1920 464 2277 521 AUCTORE
2312 465 2792 523 MOGUNTINO.

734 671 1008 715 suorum
1075 649 1637 733 propinquorum.
1743 649 1972 713 Affuit
2039 650 2247 715 etiam
2318 650 2424 713 vir
2449 658 2464 679 ⁸
2486 650 2616 716 Dei
2685 652 2972 735 pariter,

735 759 1024 823 cumque
1072 758 1302 803 secum
1348 739 1818 803 adiuratores⁸
1873 739 1960 802 ad
2009 738 2227 802 altare
2272 740 2664 817 traxissent,
2718 741 2974 804 dixisse

732 828 988 893 fertur:
1040 827 1199 891 ‘Vos
1260 827 1390 891 soli
1446 828 1690 905 iurate,
1753 828 1813 891 si
1857 828 2101 905 vultis;
2160 828 2342 906 nolo,
2405 833 2487 891 ut
2547 831 2670 893 hos
2732 851 2974 894 omnes

734 916 1083 1001 perdatis’.
1205 915 1325 979 Illi
1392 920 1628 981 autem
1695 916 2120 981 iuraverunt.
2237 917 2624 1001 Statimque
2695 920 2784 982 ad
2857 938 2974 982 eos

736 1026 1099 1070 conversus
1146 1006 1505 1089 episcopus
1558 1006 1833 1088 inquid:
1887 1006 2200 1069 ‘Iurastis
2215 1005 2266 1069 *θ’
2347 1007 2444 1069 At
2500 1008 2639 1071 illi:
2693 1007 2975 1071 ‘Iuravi-
3007 1032 3029 1069 5

734 1094 928 1171 mus',
997 1094 1341 1178 inquiunt.
1464 1094 1555 1157 Et
1625 1095 1725 1158 ait
1793 1096 1882 1158 ad
1960 1095 2286 1160 maiorem
2307 1095 2362 1159 ¹:
2437 1096 2674 1159 ‘Ursus
2749 1099 2820 1159 te
2901 1097 2975 1160 in

738 1183 1047 1268 proximo
1110 1183 1433 1259 occidet’;
1514 1184 1603 1248 ad
1671 1184 2009 1248 iuniorem
2030 1184 2054 1222 ²
2119 1178 2349 1249 v'erob:
2432 1184 2826 1267 ‘Nunquam
2893 1206 2976 1249 ex

735 1276 860 1336 tuo
908 1273 1165 1336 semine
1213 1271 1475 1337 videbis
1534 1271 1755 1335 filium
1819 1275 1941 1336 aut
1988 1272 2246 1337 filiam’.
2340 1273 2540 1352 Quod
2602 1280 2974 1356 utrumque

737 1364 1024 1426 eventus
1098 1361 1198 1425 rei
1274 1361 1626 1445 probavit,
1707 1364 1778 1426 et
1846 1363 1942 1425 sic
2013 1362 2302 1443 ecclesia
2379 1363 2566 1427 beati
2635 1364 2965 1426 Martinic

736 1451 1064 1514 traditam
1114 1449 1245 1513 sibi
1293 1450 1749 1515 hereditatem
1800 1451 2127 1533 optinuit.
3007 1476 3053 1513 10

828 1676 934 1763 (7).
998 1680 1407 1759 Qualiter
1454 1680 1796 1743 Lullum
1845 1681 2242 1745 omnibus
2287 1682 2890 1747 orientalibus

1530 1770 2188 1834 commendavit.

954 1894 1074 1958 Vir
1134 1897 1367 1957 autem
1430 1894 1579 1971 Dei,
1645 1888 1920 1958 divinad
1971 1894 2353 1979 inspirante
2412 1896 2658 1978 gratia,
2721 1896 2975 1979 ubique

741 1982 1084 2068 gestiebat
1144 1983 1335 2046 verbi
1394 1982 1529 2046 Dei
1587 1984 1850 2047 semina
1910 1984 2309 2067 pullulasse.
2419 1983 2680 2049 Gentes
2749 1985 2974 2047 adbuc

740 2072 1115 2135 indomitas
1184 2072 1555 2135 destinavit
1624 2073 1814 2136 adire
1876 2072 2286 2151 Fresonum,
2357 2078 2469 2150 ut,
2540 2075 2686 2136 ritu
2753 2093 2974 2155 super·
3008 2090 3054 2130 ιτ»

743 2161 1019 2225 sticioso
1099 2160 1461 2235 derelicto,
1542 2160 1817 2225 cultura
1883 2161 2241 2245 ydolorum
2317 2163 2662 2247 deposita
2743 2183 2974 2227 verum

742 2250 1045 2313 omnium
1098 2253 1473 2313 creatorem
1508 2249 1733 2313 Deum
1783 2250 2108 2315 colerent.
2197 2251 2524 2335 Synodali
2561 2252 2974 2314 auctoritate

744 2342 816 2403 et
875 2358 1207 2403 consensu
1275 2338 1606 2422 principis
1665 2338 1988 2423 Pippini³
2047 2338 2329 2402 Lullum
2389 2340 2747 2423 Mogontie
2809 2339 2974 2402 ordi·

742 2427 1006 2505 navit⁰‚
1085 2448 1313 2492 secum
1391 2428 1712 2510 primitus
1789 2428 1877 2491 ad
1953 2422 2461 2510 Thuringeamf
2545 2428 2836 2493 deduxit
2909 2431 2977 2491 et

745 2516 1064 2580 omnibus
1123 2517 1193 2579 in
1256 2516 1380 2579 illa
1440 2517 1719 2599 regione
1782 2516 2129 2580 nobilibus
2190 2516 2387 2581 illum
2452 2517 2973 2593 commendavit,
3009 2536 3056 2573 20

745 2606 853 2668 uti
923 2606 1084 2669 fidei
1158 2605 1540 2669 catholicae
1603 2605 2090 2689 astipulatores
2159 2606 2225 2669 ei
2284 2606 2755 2670 assisterent&
2849 2606 2975 2669 No·

744 2695 1018 2759 vissime
1079 2698 1312 2758 autem
1372 2687 1740 2777 preceptoh
1799 2694 2093 2758 Romani
2154 2695 2500 2778 pontificis
2561 2699 2632 2759 et
2694 2694 2974 2758 consilio

746 2783 1119 2847 venerandi
1195 2784 1525 2867 principis
1603 2782 1880 2867 Pippini
1964 2787 2035 2847 et
2109 2784 2457 2867 synodalis
2543 2783 2974 2847 auctoritatis

746 2872 1031 2935 licentia
1100 2875 1171 2935 et
1245 2874 1551 2935 omnium
1626 2872 2098 2955 episcoporum
2170 2875 2240 2936 et
2309 2873 2640 2937 abbatum
2712 2893 2974 2937 necnon

747 2962 1229 3024 canonicorum
1280 2963 1350 3024 et
1404 2962 1896 3024 monachorum
1945 2962 2387 3043 omniumque
2449 2961 2973 3025 christianorum
3008 2977 3057 3017 25

746 3049 835 3112 ad
883 3070 1073 3112 suam
1124 3050 1448 3113 diocesim
1508 3049 2008 3133 pertinentium
2068 3051 2422 3133 profectus
2483 3052 2606 3114 est.
2715 3050 2850 3114 Sed
2909 3051 2974 3112 et

746 3138 1025 3201 Lullum
1075 3141 1237 3201 ante
1283 3138 1672 3201 iuramento
1721 3139 2147 3214 constrinxit,
2198 3139 2464 3203 dicens:
2519 3139 2662 3202 ‘Est
2703 3139 2973 3221 quidem

746 3227 976 3290 animo
1024 3226 1381 3310 proficisci,
1444 3247 1875 3310 quocumque
1938 3248 2044 3291 me
2106 3227 2338 3291 divina
2397 3228 2624 3311 gratia
2686 3227 2970 3309 dirigere

744 3315 1064 3380 voluerit.
1143 3315 1347 3380 Nunc
1394 3319 1644 3381 autem.
1677 3316 1767 3379 da
1811 3316 2037 3390 fidem,
2085 3319 2186 3391 ut,
2219 3316 2638 3400 ubicumque
2671 3316 2967 3389 obierim,

746 3426 973 3469 meum
1022 3424 1268 3488 corpus
1315 3406 1403 3468 ad
1452 3405 1798 3469 destinata
1843 3405 2220 3469 transferas
2238 3405 2306 3465 4'.
2399 3405 2490 3469 Et
2535 3406 2656 3469 ille
2706 3402 2968 3487 quidem
3001 3420 3050 3459 ω

746 3494 1118 3578 spopondit
1165 3514 1235 3559 se
1283 3495 1531 3573 omnia,
1583 3496 1789 3578 prout
1835 3495 2254 3578 possibilitas
2302 3495 2577 3571 sineret,
2613 3494 2967 3558 custodire.

958 3720 1015 3759 v.
1073 3720 1207 3770 capp.
1238 3721 1343 3761 6.7.
1414 3723 1452 3760 1.
1482 3720 1523 3759 2.

746 3827 791 3874 a)
820 3825 1097 3865 adiutotores
1124 3837 1241 3865 corr.
1271 3825 1552 3866 adim-atores
1581 3828 1620 3876 1,
1651 3830 1690 3864 σε
1717 3827 1782 3864 δια
1809 3826 1883 3877 1*;
1915 3826 2220 3866 coniuratores
2238 3826 2288 3875 23
2317 3824 2547 3866 adiutores
2565 3826 2708 3865 otloh.
2807 3828 2850 3875 b)
2878 3826 2964 3864 add.

746 3879 813 3917 ait
839 3878 879 3931 1,
905 3877 1020 3918 dixit
1066 3880 1105 3918 2.
1215 3881 1256 3928 c)
1286 3881 1483 3929 Max-tyni
1512 3882 1551 3919 1.
1636 3880 1680 3929 d)
1711 3877 1899 3930 divinat,
1930 3891 2021 3919 ras.
2051 3891 2095 3918 m
2123 3882 2163 3919 2.
2261 3882 2302 3929 e)
2332 3878 2588 3920 ordinatum
2615 3881 2657 3919 2.
2761 3880 2797 3931 1)
2824 3880 2965 3919 'rurin-

749 3933 865 3980 giam
894 3934 933 3973 2.
1043 3934 1087 3981 g)
1118 3933 1362 3973 existerent
1389 3934 1430 3971 2.
1540 3934 1586 3982 h)
1617 3933 1758 3983 §cepo
1788 3936 1826 3972 1.
1857 3933 1924 3972 1¹⁸¹.
2996 3932 3045 3973 35

751 4129 804 4191 1)
863 4126 959 4179 Ad
1006 4126 1337 4195 Aspcrtum:
1386 4124 1585 4179 ‘Maior
1639 4126 1808 4179 ursus’
1866 4126 2032 4181 Otloh.
2229 4129 2286 4194 2)
2347 4126 2757 4180 Trutmundum
2813 4126 2961 4179 ottob.

746 4198 803 4268 3)
855 4198 1195 4251 Willibaldus
1242 4215 1284 4251 ο.
1333 4200 1369 4253 8
1418 4203 1496 4265 (p.
1534 4202 1624 4265 45,
1661 4201 1722 4264 8)
1739 4216 1759 4251 .·
1806 4198 1917 4250 iam
1967 4198 2218 4251 consultu
2269 4202 2430 4267 atque
2482 4198 2710 4252 consilio
2762 4195 2962 4268 gloriosi

746 4270 891 4339 regis
928 4269 1187 4323 idoneum
1222 4286 1559 4338 praeponere
1597 4269 1907 4321 ministrum
1944 4269 2256 4338 supradicto
2293 4268 2450 4340 gregi
2486 4268 2763 4338 diffinivit,
2796 4276 2839 4322 et
2861 4286 2905 4336 q.
2926 4284 2964 4321 ε.

747 4340 804 4410 4)
842 4341 1180 4394 Willibaldus
1224 4358 1264 4395 ο.
1303 4344 1337 4397 8
1373 4342 1446 4409 (p.
1484 4343 1572 4406 46,
1594 4342 1704 4407 20).
