3167 5192
479 479 727 537 VITAE
760 480 1167 537 BONIFATII
1203 482 1562 539 AUCTORE
1600 483 1910 540 OTLOHO
1945 484 2182 540 LIBER
2215 485 2266 544 Ι.
2389 490 2490 545 151

252 670 565 729 monachus
608 671 672 729 in
717 671 820 731 hoc
866 676 1165 745 peccatum
1214 672 1241 730 i
1254 690 1293 730 n
1307 672 1533 743 ciderit,
1582 676 1724 746 post
1768 674 2004 733 terciam
2047 674 2494 735 verberationem

248 758 316 817 in
363 778 647 819 carcerem
692 760 919 831 missus,
960 778 1055 819 un
1068 759 1219 819 uma
1272 779 1486 821 annum
1528 762 1614 821 ibi
1648 762 2028 840 penitentiam
2071 767 2226 837 a9at.
2319 762 2494 823 Simi-

140 875 147 881 ·
251 836 430 907 literb
485 853 539 907 et
590 867 811 909 nonnae
852 850 1072 908 velatae
1114 849 1308 909 eadem
1350 850 1676 923 penitentia
1720 855 2036 923 teneantur,
2095 852 2496 913 etradantur

152 1498 211 1535 10

154 1937 212 1977 15

160 2382 219 2421 20

162 3269 217 3308 30

160 3809 213 3849 35

156 4076 215 4115 40

252 954 447 995 omnes
490 938 693 1011 capilli
738 938 949 1011 capitis
990 926 1179 997 eiusb.

468 1025 881 1085 Decrevimus⁰
946 1044 1179 1101 quoque,
1237 1031 1303 1086 ut
1347 1028 1664 1101 presbiteri
1721 1028 1810 1087 vel
1869 1028 2100 1089 diaconi
2157 1048 2271 1089 non
2335 1031 2496 1105 sayis

251 1115 538 1175 laicorum
582 1134 758 1185 more,
804 1116 902 1175 sed
947 1116 1159 1175 casulis
1200 1120 1443 1175 utantur
1485 1116 1610 1175 ritu
1659 1134 1954 1176 servorum
1996 1117 2134 1188 Dei,
2193 1123 2248 1178 et
2301 1119 2494 1179 nullus

249 1204 317 1262 in
376 1194 525 1262 sua‘1
577 1204 741 1263 domo
786 1204 1081 1264 mulierem
1138 1203 1439 1264 habitare⁰
1485 1206 1797 1279 permittat
1808 1228 1832 1279 ,·
1888 1211 1943 1265 et
1999 1212 2066 1265 ut
2120 1208 2384 1267 monachi
2440 1212 2495 1267 et

251 1293 502 1351 ancillae
545 1291 663 1351 Dei
707 1293 1137 1353 monasteriales
1181 1294 1353 1353 iuxta
1397 1294 1656 1368 reyulam
1714 1295 1900 1354 sancti
1943 1295 2246 1355 Benedicti
2303 1297 2494 1357 vivere

251 1400 283 1440 e
298 1386 321 1440 t
336 1370 363 1412 f
416 1383 599 1441 vitam
632 1382 949 1455 propriam
992 1383 1309 1457 yubernare
1352 1382 1636 1443 studeant.

471 1469 792 1530 Statuimus
812 1466 835 1503 ¹
894 1489 1109 1545 quoque
1174 1489 1301 1531 cum
1360 1472 1596 1531 consilio
1656 1490 1951 1531 servorum
2007 1471 2125 1532 Dei
2183 1479 2238 1532 et
2285 1475 2495 1549 populi

252 1559 561 1619 christiani
608 1564 857 1634 propter
906 1560 1249 1619 inminentia
1306 1561 1453 1619 bella
1510 1565 1565 1620 et
1611 1562 2032 1635 persecutiones
2088 1580 2196 1623 mu
2209 1563 2320 1622 lta
2334 1581 2424 1621 ru
2437 1581 2496 1621 m

250 1648 525 1723 yentium,
574 1667 716 1722 quae
758 1648 823 1707 in
870 1649 1115 1707 circuitu
1158 1654 1353 1708 nostro
1396 1654 1550 1719 sunt,
1597 1654 1662 1709 ut
1704 1650 1806 1709 sub
1848 1652 2122 1724 precario
2181 1651 2278 1711 etg
2329 1669 2494 1711 censu

252 1737 514 1811 aliquam
548 1742 781 1811 partem
824 1738 1133 1820 ecclesialis
1166 1738 1447 1812 pecuniae
1488 1739 1554 1797 in
1600 1738 1953 1798 adiutorium
1995 1741 2280 1799 exercitus
2307 1740 2494 1799 nostri

252 1844 383 1885 cum
427 1826 785 1900 indulyentia
826 1825 945 1885 Dei
988 1827 1286 1901 aliquanto
1333 1832 1581 1901 tempore
1624 1828 1988 1898 retineamuS,
2043 1848 2111 1887 ea
2155 1829 2492 1899 conditione,

251 1919 320 1974 ut
361 1915 531 1975 annis
558 1915 801 1990 sinyulis
828 1916 899 1973 de
926 1934 1264 1990 unaquaque
1306 1903 1549 1975 casatall
1584 1916 1824 1986 solidus,
1868 1916 1934 1975 id
1963 1921 2046 1976 est
2073 1916 2222 1976 XII
2242 1918 2493 1988 denarii,

253 2004 335 2063 ad
378 2004 667 2082 ecclesiam
710 2005 799 2063 vel
842 2005 1251 2063 monasterium
1292 2005 1592 2075 reddatur,
1649 2025 1710 2065 eo
1755 2005 1942 2076 modo,
2000 2010 2066 2064 ut
2107 2007 2162 2065 si
2206 2007 2496 2065 moriatur

252 2093 376 2163 ille,
423 2093 515 2151 cui
563 2093 813 2166 pecunia
858 2094 1245 2154 commendata
1290 2094 1430 2165 fuit,
1488 2095 1722 2171 ecclesia
1765 2112 1891 2153 cum
1940 2095 2198 2169 propria
2243 2095 2496 2169 pecunia

254 2182 527 2242 revestita
569 2182 667 2251 sit,
727 2186 780 2241 et
836 2182 1066 2252 iterum,
1124 2182 1179 2241 si
1234 2183 1538 2241 necessitas
1597 2188 1777 2258 comt,
1837 2188 1903 2241 ut
1949 2183 2226 2258 princeps
2281 2184 2494 2255 iubeat,

243 2270 587 2344 precarium
628 2276 931 2330 renovetur
974 2275 1028 2329 et
1070 2260 1460 2331 rescribatur¹
1504 2290 1713 2331 novum
1757 2276 1810 2331 et
1855 2272 2083 2331 omnino
2128 2278 2494 2344 reservetur,

255 2364 320 2418 ut
364 2359 627 2437 ecclesiae
668 2360 757 2419 vel
799 2360 1150 2419 monasteria
1183 2361 1495 2435 penuriam
1538 2350 1636 2419 etk
1659 2365 2068 2435 paupertatem
2110 2379 2225 2421 non
2258 2362 2498 2435 patian-

257 2453 377 2518 tur,
424 2466 664 2523 quorum
696 2449 949 2522 pecunia
990 2450 1055 2507 in
1090 2450 1364 2523 precario
1397 2450 1652 2523 prestita
1694 2438 1846 2522 sit¹;
1889 2450 2044 2509 sedm
2084 2450 2140 2509 si
2180 2456 2495 2525 paupertas

258 2542 421 2612 coyat
466 2538 745 2619 ecclesiae,
791 2537 986 2597 domui
1030 2537 1148 2597 Dei
1190 2538 1469 2597 reddatur
1512 2538 1740 2613 inteyra
1773 2538 2127 2612 possessiom.

474 2625 759 2685 Similiter
800 2627 1178 2701 precipimus,
1237 2631 1303 2685 ut
1358 2627 1529 2685 iuxta
1586 2626 1811 2687 decreta
1867 2645 2147 2687 canonum
2203 2627 2495 2687 adulteria

256 2720 312 2773 et
370 2715 586 2775 incesta
650 2716 1025 2774 matrimonia
1070 2716 1491 2789 prohibeantur
1556 2720 1612 2775 et
1677 2715 2036 2775 emendentur
2102 2716 2493 2789 episcoporum

255 2804 494 2875 iudiciO,
540 2809 594 2863 et
636 2809 702 2863 ut
744 2804 1041 2878 mancipia
1083 2804 1405 2863 christiana
1444 2805 1701 2879 payanis
1745 2822 1857 2863 non
1905 2804 2274 2863 tradantur.
2234 2800 2258 2837 2

472 2883 626 2971 (37).
702 2888 966 2953 Tantae
1012 2889 1229 2971 igitur
1272 2888 1626 2970 religionis
1673 2891 1940 2953 statuta
1987 2910 2028 2953 a
2063 2887 2492 2973 principibus

256 2978 607 3061 neophitis
666 2981 834 3041 tunc
893 2977 1087 3041 facta
1144 2978 1205 3041 si
1264 2980 1728 3064 conparentur
1786 2977 2058 3061 legibus
2117 2977 2253 3055 his,
2317 2997 2494 3060 quae

258 3066 461 3129 modo
512 3087 553 3129 a
596 3066 1003 3169 quibusdam
1056 3063 1439 3131 rectoribus
1497 3067 1751 3131 nostris
1809 3088 1854 3131 a
1912 3067 2218 3150 puericia
2277 3087 2494 3149 usque

255 3155 330 3217 in
378 3158 724 3219 senectam
770 3156 844 3217 in
892 3156 1082 3220 omni
1129 3155 1495 3240 disciplina
1540 3156 1920 3220 christiana
1955 3156 2316 3220 instructis
2346 3177 2494 3239 pro·

255 3244 597 3321 feruntur,
668 3243 877 3309 facile
945 3247 1177 3328 potest
1246 3245 1557 3327 agnosci,
1638 3248 1975 3327 quantum
2043 3244 2494 3329 perfectiores

253 3332 520 3396 fuerint
567 3332 673 3397 illi
717 3333 1035 3417 neophiti
1091 3334 1244 3397 istis
1305 3334 1618 3417 patribus
1680 3334 2111 3411 doctissimiS,
2175 3334 2295 3416 qui
2353 3354 2493 3397 non

254 3421 478 3484 solum
527 3422 712 3506 apud
759 3442 955 3505 reges
1002 3425 1072 3486 et
1120 3422 1462 3505 principes
1510 3427 1676 3505 pron
1728 3422 2032 3487 locorum
2097 3425 2493 3486 sanctorum

254 3510 606 3575 utilitate0
675 3510 1143 3575 intercederep
1212 3511 1624 3594 neglegunt,
1687 3511 1807 3575 sed
1867 3511 2078 3575 etiam
2137 3511 2272 3594 ipsi
2339 3510 2492 3575 loca

470 3718 571 3763 v11.
624 3720 759 3767 Capp.
790 3719 857 3759 ³6.
887 3720 955 3759 87.
1022 3722 1061 3759 1.
1092 3721 1162 3761 2a.
1181 3720 1219 3761 b.
1232 3730 1269 3763 c.

254 3805 299 3855 a)
327 3817 494 3845 annum
523 3816 659 3845 uuum
688 3808 753 3850 2b.
877 3806 924 3857 b)
952 3808 1017 3846 ita
1046 3809 1085 3847 1.
1116 3808 1164 3856 3;
1195 3806 1413 3847 Similiter
1441 3828 1491 3837 —
1521 3808 1617 3847 eius
1646 3818 1730 3849 om.
1757 3807 1854 3849 rell.
1973 3804 2016 3857 c)
2044 3808 2139 3847 Dec
2115 3812 2286 3847 ctreum
2212 3818 2402 3855 umoqu
2405 3818 2492 3855 que

255 3865 326 3899 est
353 3866 404 3898 ut
431 3860 502 3902 sb.
631 3858 678 3912 d)
716 3862 778 3899 ita
807 3863 853 3913 1;
889 3858 933 3903 d.
962 3872 1043 3900 sua
1070 3862 1166 3900 rell.
1304 3864 1347 3909 e)
1382 3872 1524 3909 perm.
1552 3861 1657 3902 hab.
1687 3861 1748 3903 20.
1886 3860 1976 3911 f)‡
1960 3861 2022 3898 ita
2051 3862 2099 3911 13
2139 3866 2241 3900 evt
2245 3872 2358 3909 .r.p
2387 3862 2488 3907 gub.

253 3924 341 3953 om.
378 3914 474 3955 rell.
633 3917 679 3963 g)
714 3915 779 3952 ita
809 3916 852 3962 13
884 3919 930 3953 et
956 3925 1041 3953 om.
1071 3914 1120 3965 33
1152 3919 1197 3953 et
1225 3925 1362 3953 censu
1390 3925 1471 3955 om.
1505 3914 1600 3953 rell.
1766 3914 1814 3965 h)
1849 3924 1954 4007 esan
1981 3915 2042 3953 20.
2206 3912 2244 3966 i)
2280 3914 2345 3952 ita
2372 3916 2411 3955 1.
2441 3915 2490 3963 ὃς

253 3966 477 4005 scribatur
506 3967 601 4009 rell.
733 3968 781 4019 k)
815 3968 880 4007 ita
908 3969 956 4017 1;
987 3978 1089 4017 pen.
1118 3973 1521 4017 paupertatemque
1548 3968 1646 4007 rell.
1782 3966 1976 4017 1)est1(
1982 3967 2012 4017 ).
2039 3967 2078 4007 3.
2216 3966 2276 4017 m)
2304 3968 2370 4005 ita
2397 3969 2436 4006 1.
2467 3969 2492 4007 3

256 4019 347 4068 (ubi
375 4020 549 4067 integra
576 4020 831 4071 reddatur);
861 4019 940 4060 sed
970 4045 1021 4051 —-
1050 4022 1268 4070 possessio
1298 4032 1381 4061 om.
1414 4022 1509 4065 rell.
1630 4018 1678 4071 n)
1706 4021 1752 4059 in
1780 4022 1887 4059 litter
1888 4021 2009 4062 αα.2
2131 4018 2175 4071 o)
2202 4032 2260 4059 m.
2291 4022 2349 4063 al.
2377 4030 2488 4061 corr.

253 4072 495 4112 utilitatem
523 4074 592 4113 sa.
702 4076 750 4123 p)
776 4075 839 4112 ita
868 4077 905 4117 1.
933 4075 983 4124 83
1014 4086 1095 4117 om;
1123 4075 1219 4114 rell.

253 4252 309 4315 1)
358 4248 509 4303 Otloh
544 4253 761 4303 initium
800 4256 846 4303 et
882 4252 1123 4319 capitula
1150 4254 1350 4319 priora
1385 4252 1578 4317 synodi
1609 4251 1932 4315 Liftinensis
1969 4248 2163 4317 (Modo
2201 4251 2384 4302 autem
2422 4280 2492 4289 —

253 4325 311 4374 et
344 4323 583 4391 nonnae)
621 4326 819 4387 omisit,
856 4339 918 4375 ea
952 4324 1015 4376 de
1049 4339 1235 4387 causa,
1272 4329 1331 4374 ut
1366 4323 1590 4388 videtur,
1627 4323 1766 4389 quod
1800 4322 2010 4373 similia
2044 4323 2157 4373 iam
2191 4324 2252 4373 in
2273 4324 2493 4374 statutis

248 4392 380 4516 ‚1:²th
352 4407 476 4516 ἐξὲξ
509 4394 695 4516 ἴξιῑατίε
730 4396 993 4460 lequntur.
1174 4395 1231 4462 2)
1267 4394 1439 4461 Caput
1474 4394 1723 4445 ultimum
1759 4392 1827 4444 ab
1867 4390 2054 4445 Otloho
2089 4395 2212 4444 item
2254 4398 2491 4459 praeter-
