<?xml version="1.0" encoding="UTF-8"?>
<!DOCTYPE html PUBLIC "-//W3C//DTD XHTML 1.0 Transitional//EN"
    "http://www.w3.org/TR/xhtml1/DTD/xhtml1-transitional.dtd">
<html xmlns="http://www.w3.org/1999/xhtml" xml:lang="en" lang="en">
 <head>
  <title>
</title>
<meta http-equiv="Content-Type" content="text/html;charset=utf-8" />
  <meta name='ocr-system' content='tesseract 3.04.00' />
  <meta name='ocr-capabilities' content='ocr_page ocr_carea ocr_par ocr_line ocrx_word'/>
</head>
<body>
  <div class='ocr_page' id='page_1' title='image "./vitaesanctiboni00mogugoog_0013.png"; bbox 0 0 3167 5192; ppageno 0'>
   <div class='ocr_carea' id='block_1_1' title="bbox 741 526 2100 585">
    <p class='ocr_par' dir='ltr' id='par_1_1' title="bbox 741 526 2100 585">
     <span class='ocr_line' id='line_1_1' title="bbox 741 526 2100 585; baseline 0 0"><span class='ocrx_word' id='word_1_1' title='bbox 741 528 832 585; x_wconf 82' lang='lat' dir='ltr'><strong><em>VI</em></strong></span> <span class='ocrx_word' id='word_1_2' title='bbox 1616 526 2100 585; x_wconf 77' lang='lat' dir='ltr'><strong>PROOEMIUM.</strong></span> 
     </span>
    </p>
   </div>
   <div class='ocr_carea' id='block_1_2' title="bbox 739 709 2987 1859">
    <p class='ocr_par' dir='ltr' id='par_1_2' title="bbox 739 709 2987 1859">
     <span class='ocr_line' id='line_1_2' title="bbox 749 709 2981 794; baseline -0 -16"><span class='ocrx_word' id='word_1_3' title='bbox 749 712 1010 778; x_wconf 79' lang='lat' dir='ltr'><strong><em>Otlohus</em></strong></span> <span class='ocrx_word' id='word_1_4' title='bbox 1065 732 1212 778; x_wconf 86' lang='lat' dir='ltr'><strong><em>vero</em></strong></span> <span class='ocrx_word' id='word_1_5' title='bbox 1270 718 1338 777; x_wconf 90' lang='lat' dir='ltr'><strong><em>ut</em></strong></span> <span class='ocrx_word' id='word_1_6' title='bbox 1393 718 1534 776; x_wconf 90' lang='lat' dir='ltr'><strong><em>erat</em></strong></span> <span class='ocrx_word' id='word_1_7' title='bbox 1587 712 1871 791; x_wconf 77' lang='lat' dir='ltr'><strong><em>fratrum</em></strong></span> <span class='ocrx_word' id='word_1_8' title='bbox 1917 709 2339 777; x_wconf 86' lang='lat' dir='ltr'><strong><em>Fuldensium</em></strong></span> <span class='ocrx_word' id='word_1_9' title='bbox 2396 712 2753 794; x_wconf 83' lang='lat' dir='ltr'><strong><em>advocatus,</em></strong></span> <span class='ocrx_word' id='word_1_10' title='bbox 2817 720 2981 778; x_wconf 87' lang='lat' dir='ltr'><strong><em>totus</em></strong></span> 
     </span>
     <span class='ocr_line' id='line_1_3' title="bbox 741 798 2981 884; baseline 0.001 -19"><span class='ocrx_word' id='word_1_11' title='bbox 741 800 1267 866; x_wconf 78' lang='lat' dir='ltr'><strong><em>monasteriorum</em></strong></span> <span class='ocrx_word' id='word_1_12' title='bbox 1325 799 1643 865; x_wconf 75' lang='lat' dir='ltr'><strong><em>libertates</em></strong></span> <span class='ocrx_word' id='word_1_13' title='bbox 1700 807 1923 865; x_wconf 88' lang='lat' dir='ltr'><strong><em>contra</em></strong></span> <span class='ocrx_word' id='word_1_14' title='bbox 1980 798 2295 883; x_wconf 85' lang='lat' dir='ltr'><strong><em>episcopos</em></strong></span> <span class='ocrx_word' id='word_1_15' title='bbox 2352 798 2547 865; x_wconf 88' lang='lat' dir='ltr'><strong><em>tuitus</em></strong></span> <span class='ocrx_word' id='word_1_16' title='bbox 2612 807 2719 883; x_wconf 88' lang='lat' dir='ltr'><strong><em>est,</em></strong></span> <span class='ocrx_word' id='word_1_17' title='bbox 2790 808 2981 884; x_wconf 78' lang='lat' dir='ltr'><strong><em>atque</em></strong></span> 
     </span>
     <span class='ocr_line' id='line_1_4' title="bbox 741 886 2984 971; baseline 0.001 -18"><span class='ocrx_word' id='word_1_18' title='bbox 741 889 817 955; x_wconf 84' lang='lat' dir='ltr'><strong><em>iu</em></strong></span> <span class='ocrx_word' id='word_1_19' title='bbox 891 910 993 954; x_wconf 89' lang='lat' dir='ltr'><strong><em>eos</em></strong></span> <span class='ocrx_word' id='word_1_20' title='bbox 1067 909 1298 954; x_wconf 82' lang='lat' dir='ltr'><strong><em>avaros</em></strong></span> <span class='ocrx_word' id='word_1_21' title='bbox 1371 888 1683 969; x_wconf 83' lang='lat' dir='ltr'><strong><em>invectus,</em></strong></span> <span class='ocrx_word' id='word_1_22' title='bbox 1776 888 1889 971; x_wconf 78' lang='lat' dir='ltr'><strong><em>qui</em></strong></span> <span class='ocrx_word' id='word_1_23' title='bbox 1962 886 2238 953; x_wconf 88' lang='lat' dir='ltr'><strong><em>decimas</em></strong></span> <span class='ocrx_word' id='word_1_24' title='bbox 2316 888 2645 955; x_wconf 76' lang='lat' dir='ltr'><strong><em>monachis</em></strong></span> <span class='ocrx_word' id='word_1_25' title='bbox 2733 896 2984 971; x_wconf 84' lang='lat' dir='ltr'><strong><em>ereptas</em></strong></span> 
     </span>
     <span class='ocr_line' id='line_1_5' title="bbox 741 975 2977 1060; baseline 0.001 -19"><span class='ocrx_word' id='word_1_26' title='bbox 741 976 1050 1043; x_wconf 77' lang='lat' dir='ltr'><strong><em>militibus</em></strong></span> <span class='ocrx_word' id='word_1_27' title='bbox 1093 979 1250 1043; x_wconf 87' lang='lat' dir='ltr'><strong><em>dare</em></strong></span> <span class='ocrx_word' id='word_1_28' title='bbox 1293 976 1694 1058; x_wconf 76' lang='lat' dir='ltr'><strong><em>studuissent,</em></strong></span> <span class='ocrx_word' id='word_1_29' title='bbox 1743 976 1951 1059; x_wconf 87' lang='lat' dir='ltr'><strong><em>ipsum</em></strong></span> <span class='ocrx_word' id='word_1_30' title='bbox 1982 975 2437 1059; x_wconf 75' lang='lat' dir='ltr'><strong><em>Moyuntinum</em></strong></span> <span class='ocrx_word' id='word_1_31' title='bbox 2472 983 2729 1060; x_wconf 72' lang='lat' dir='ltr'><strong><em>tanyere</em></strong></span> <span class='ocrx_word' id='word_1_32' title='bbox 2760 978 2977 1043; x_wconf 87' lang='lat' dir='ltr'><strong><em>voluit.</em></strong></span> 
     </span>
     <span class='ocr_line' id='line_1_6' title="bbox 742 1064 2983 1147; baseline 0 -17"><span class='ocrx_word' id='word_1_33' title='bbox 742 1066 926 1131; x_wconf 84' lang='lat' dir='ltr'><strong><em>Idem</em></strong></span> <span class='ocrx_word' id='word_1_34' title='bbox 995 1087 1134 1131; x_wconf 89' lang='lat' dir='ltr'><strong><em>cum</em></strong></span> <span class='ocrx_word' id='word_1_35' title='bbox 1201 1065 1340 1131; x_wconf 87' lang='lat' dir='ltr'><strong><em>alia</em></strong></span> <span class='ocrx_word' id='word_1_36' title='bbox 1413 1067 1782 1131; x_wconf 74' lang='lat' dir='ltr'><strong><em>docimenta</em></strong></span> <span class='ocrx_word' id='word_1_37' title='bbox 1850 1072 1979 1131; x_wconf 89' lang='lat' dir='ltr'><strong><em>tum</em></strong></span> <span class='ocrx_word' id='word_1_38' title='bbox 2046 1064 2349 1147; x_wconf 87' lang='lat' dir='ltr'><strong><em>epistulas</em></strong></span> <span class='ocrx_word' id='word_1_39' title='bbox 2409 1067 2500 1131; x_wconf 85' lang='lat' dir='ltr'><strong><em>ad</em></strong></span> <span class='ocrx_word' id='word_1_40' title='bbox 2561 1065 2983 1147; x_wconf 83' lang='lat' dir='ltr'><strong><em>Bonifatium</em></strong></span> 
     </span>
     <span class='ocr_line' id='line_1_7' title="bbox 740 1153 2984 1239; baseline -0 -19"><span class='ocrx_word' id='word_1_41' title='bbox 740 1160 1104 1237; x_wconf 80' lang='lat' dir='ltr'><strong><em>spectantes,</em></strong></span> <span class='ocrx_word' id='word_1_42' title='bbox 1151 1176 1432 1221; x_wconf 75' lang='lat' dir='ltr'><strong><em>sermone</em></strong></span> <span class='ocrx_word' id='word_1_43' title='bbox 1465 1154 1717 1237; x_wconf 86' lang='lat' dir='ltr'><strong><em>passim</em></strong></span> <span class='ocrx_word' id='word_1_44' title='bbox 1760 1154 2104 1236; x_wconf 79' lang='lat' dir='ltr'><strong><em>immutatO,</em></strong></span> <span class='ocrx_word' id='word_1_45' title='bbox 2165 1153 2442 1236; x_wconf 81' lang='lat' dir='ltr'><strong><em>admisit,</em></strong></span> <span class='ocrx_word' id='word_1_46' title='bbox 2504 1175 2665 1236; x_wconf 78' lang='lat' dir='ltr'><strong><em>quae</em></strong></span> <span class='ocrx_word' id='word_1_47' title='bbox 2722 1155 2984 1239; x_wconf 73' lang='lat' dir='ltr'><strong><em>inteqra</em></strong></span> 
     </span>
     <span class='ocr_line' id='line_1_8' title="bbox 742 1242 2982 1309; baseline 0 -1"><span class='ocrx_word' id='word_1_48' title='bbox 742 1244 914 1309; x_wconf 90' lang='lat' dir='ltr'><strong><em>inter</em></strong></span> <span class='ocrx_word' id='word_1_49' title='bbox 971 1243 1394 1309; x_wconf 84' lang='lat' dir='ltr'><strong><em>Monumenta</em></strong></span> <span class='ocrx_word' id='word_1_50' title='bbox 1460 1242 1853 1309; x_wconf 80' lang='lat' dir='ltr'><strong><em>Germaniae</em></strong></span> <span class='ocrx_word' id='word_1_51' title='bbox 1911 1242 2048 1309; x_wconf 92' lang='lat' dir='ltr'><strong><em>iam</em></strong></span> <span class='ocrx_word' id='word_1_52' title='bbox 2106 1242 2275 1309; x_wconf 89' lang='lat' dir='ltr'><strong><em>edita</em></strong></span> <span class='ocrx_word' id='word_1_53' title='bbox 2333 1249 2500 1309; x_wconf 86' lang='lat' dir='ltr'><strong><em>sunt.</em></strong></span> <span class='ocrx_word' id='word_1_54' title='bbox 2614 1243 2772 1309; x_wconf 66' lang='lat' dir='ltr'><strong><em>Coun</em></strong></span> <span class='ocrx_word' id='word_1_55' title='bbox 2830 1265 2982 1309; x_wconf 87' lang='lat' dir='ltr'><strong><em>vero</em></strong></span> 
     </span>
     <span class='ocr_line' id='line_1_9' title="bbox 741 1330 2987 1415; baseline 0 -18"><span class='ocrx_word' id='word_1_56' title='bbox 741 1332 1012 1398; x_wconf 83' lang='lat' dir='ltr'><strong><em>collectio</em></strong></span> <span class='ocrx_word' id='word_1_57' title='bbox 1055 1353 1246 1415; x_wconf 79' lang='lat' dir='ltr'><strong><em>quam</em></strong></span> <span class='ocrx_word' id='word_1_58' title='bbox 1298 1330 1595 1397; x_wconf 79' lang='lat' dir='ltr'><strong><em>adhibuit</em></strong></span> <span class='ocrx_word' id='word_1_59' title='bbox 1649 1331 2063 1414; x_wconf 77' lang='lat' dir='ltr'><strong><em>epistularum</em></strong></span> <span class='ocrx_word' id='word_1_60' title='bbox 2119 1332 2209 1397; x_wconf 91' lang='lat' dir='ltr'><strong><em>ad</em></strong></span> <span class='ocrx_word' id='word_1_61' title='bbox 2264 1353 2381 1397; x_wconf 87' lang='lat' dir='ltr'><strong><em>nos</em></strong></span> <span class='ocrx_word' id='word_1_62' title='bbox 2438 1353 2568 1398; x_wconf 92' lang='lat' dir='ltr'><strong><em>non</em></strong></span> <span class='ocrx_word' id='word_1_63' title='bbox 2613 1333 2987 1415; x_wconf 88' lang='lat' dir='ltr'><strong><em>pervenerit</em></strong></span> 
     </span>
     <span class='ocr_line' id='line_1_10' title="bbox 739 1419 2983 1503; baseline 0 -18"><span class='ocrx_word' id='word_1_64' title='bbox 739 1420 876 1486; x_wconf 87' lang='lat' dir='ltr'><strong><em>nisi</em></strong></span> <span class='ocrx_word' id='word_1_65' title='bbox 919 1420 1306 1503; x_wconf 80' lang='lat' dir='ltr'><strong><em>imperfecta,</em></strong></span> <span class='ocrx_word' id='word_1_66' title='bbox 1352 1420 1448 1486; x_wconf 87' lang='lat' dir='ltr'><strong><em>ita</em></strong></span> <span class='ocrx_word' id='word_1_67' title='bbox 1490 1427 1561 1485; x_wconf 86' lang='lat' dir='ltr'><strong><em>ut</em></strong></span> <span class='ocrx_word' id='word_1_68' title='bbox 1603 1442 1802 1486; x_wconf 86' lang='lat' dir='ltr'><strong><em>unam</em></strong></span> <span class='ocrx_word' id='word_1_69' title='bbox 1846 1419 2178 1503; x_wconf 76' lang='lat' dir='ltr'><strong><em>epistulam</em></strong></span> <span class='ocrx_word' id='word_1_70' title='bbox 2220 1420 2391 1487; x_wconf 83' lang='lat' dir='ltr'><strong><em>solus</em></strong></span> <span class='ocrx_word' id='word_1_71' title='bbox 2419 1421 2781 1503; x_wconf 85' lang='lat' dir='ltr'><strong><em>servaverit,</em></strong></span> <span class='ocrx_word' id='word_1_72' title='bbox 2815 1443 2983 1487; x_wconf 89' lang='lat' dir='ltr'><strong><em>cum-</em></strong></span> 
     </span>
     <span class='ocr_line' id='line_1_11' title="bbox 739 1508 2983 1593; baseline -0 -18"><span class='ocrx_word' id='word_1_73' title='bbox 739 1529 860 1591; x_wconf 75' lang='lat' dir='ltr'><strong><em>que</em></strong></span> <span class='ocrx_word' id='word_1_74' title='bbox 931 1508 1242 1593; x_wconf 77' lang='lat' dir='ltr'><strong><em>reliquum</em></strong></span> <span class='ocrx_word' id='word_1_75' title='bbox 1307 1530 1546 1593; x_wconf 79' lang='lat' dir='ltr'><strong><em>quoque</em></strong></span> <span class='ocrx_word' id='word_1_76' title='bbox 1613 1516 1845 1575; x_wconf 73' lang='lat' dir='ltr'><strong><em>textum</em></strong></span> <span class='ocrx_word' id='word_1_77' title='bbox 1910 1511 1999 1575; x_wconf 93' lang='lat' dir='ltr'><strong><em>ad</em></strong></span> <span class='ocrx_word' id='word_1_78' title='bbox 2062 1508 2301 1575; x_wconf 88' lang='lat' dir='ltr'><strong><em>codices</em></strong></span> <span class='ocrx_word' id='word_1_79' title='bbox 2366 1531 2537 1575; x_wconf 89' lang='lat' dir='ltr'><strong><em>nunc</em></strong></span> <span class='ocrx_word' id='word_1_80' title='bbox 2602 1509 2983 1577; x_wconf 87' lang='lat' dir='ltr'><strong><em>recensitum</em></strong></span> 
     </span>
     <span class='ocr_line' id='line_1_12' title="bbox 743 1596 2981 1681; baseline 0 -19"><span class='ocrx_word' id='word_1_81' title='bbox 743 1596 975 1663; x_wconf 80' lang='lat' dir='ltr'><strong><em>harum</em></strong></span> <span class='ocrx_word' id='word_1_82' title='bbox 1019 1618 1235 1663; x_wconf 80' lang='lat' dir='ltr'><strong><em>rerum</em></strong></span> <span class='ocrx_word' id='word_1_83' title='bbox 1278 1598 1579 1664; x_wconf 87' lang='lat' dir='ltr'><strong><em>studiosis</em></strong></span> <span class='ocrx_word' id='word_1_84' title='bbox 1624 1620 1753 1664; x_wconf 89' lang='lat' dir='ltr'><strong><em>non</em></strong></span> <span class='ocrx_word' id='word_1_85' title='bbox 1798 1598 2124 1681; x_wconf 73' lang='lat' dir='ltr'><strong><em>inyratum</em></strong></span> <span class='ocrx_word' id='word_1_86' title='bbox 2175 1598 2317 1677; x_wconf 85' lang='lat' dir='ltr'><strong><em>fore</em></strong></span> <span class='ocrx_word' id='word_1_87' title='bbox 2374 1618 2707 1681; x_wconf 73' lang='lat' dir='ltr'><strong><em>speremus,</em></strong></span> <span class='ocrx_word' id='word_1_88' title='bbox 2770 1598 2981 1681; x_wconf 86' lang='lat' dir='ltr'><strong><em>ipsius</em></strong></span> 
     </span>
     <span class='ocr_line' id='line_1_13' title="bbox 741 1685 2981 1771; baseline -0 -19"><span class='ocrx_word' id='word_1_89' title='bbox 741 1708 900 1771; x_wconf 88' lang='lat' dir='ltr'><strong><em>opus</em></strong></span> <span class='ocrx_word' id='word_1_90' title='bbox 944 1687 1258 1769; x_wconf 73' lang='lat' dir='ltr'><strong><em>inteyrum</em></strong></span> <span class='ocrx_word' id='word_1_91' title='bbox 1316 1708 1488 1753; x_wconf 90' lang='lat' dir='ltr'><strong><em>nunc</em></strong></span> <span class='ocrx_word' id='word_1_92' title='bbox 1537 1687 1821 1769; x_wconf 87' lang='lat' dir='ltr'><strong><em>primum</em></strong></span> <span class='ocrx_word' id='word_1_93' title='bbox 1868 1686 2114 1769; x_wconf 82' lang='lat' dir='ltr'><strong><em>publici</em></strong></span> <span class='ocrx_word' id='word_1_94' title='bbox 2170 1685 2339 1752; x_wconf 90' lang='lat' dir='ltr'><strong><em>iuris</em></strong></span> <span class='ocrx_word' id='word_1_95' title='bbox 2395 1688 2638 1767; x_wconf 85' lang='lat' dir='ltr'><strong><em>factum</em></strong></span> <span class='ocrx_word' id='word_1_96' title='bbox 2694 1695 2787 1753; x_wconf 91' lang='lat' dir='ltr'><strong><em>est</em></strong></span> <span class='ocrx_word' id='word_1_97' title='bbox 2840 1709 2981 1752; x_wconf 87' lang='lat' dir='ltr'><strong><em>una</em></strong></span> 
     </span>
     <span class='ocr_line' id='line_1_14' title="bbox 741 1774 2977 1859; baseline -0 -18"><span class='ocrx_word' id='word_1_98' title='bbox 741 1796 881 1841; x_wconf 88' lang='lat' dir='ltr'><strong><em>cum</em></strong></span> <span class='ocrx_word' id='word_1_99' title='bbox 925 1774 1358 1857; x_wconf 88' lang='lat' dir='ltr'><strong><em>monumentis,</em></strong></span> <span class='ocrx_word' id='word_1_100' title='bbox 1407 1796 1569 1857; x_wconf 81' lang='lat' dir='ltr'><strong><em>quae</em></strong></span> <span class='ocrx_word' id='word_1_101' title='bbox 1616 1796 1855 1857; x_wconf 92' lang='lat' dir='ltr'><strong><em>parum</em></strong></span> <span class='ocrx_word' id='word_1_102' title='bbox 1912 1781 2204 1842; x_wconf 83' lang='lat' dir='ltr'><strong><em>accurate</em></strong></span> <span class='ocrx_word' id='word_1_103' title='bbox 2261 1782 2481 1842; x_wconf 87' lang='lat' dir='ltr'><strong><em>auctor</em></strong></span> <span class='ocrx_word' id='word_1_104' title='bbox 2537 1776 2977 1859; x_wconf 85' lang='lat' dir='ltr'><strong><em>descripserat.</em></strong></span> 
     </span>
    </p>
   </div>
   <div class='ocr_carea' id='block_1_3' title="bbox 2311 1936 2794 2001">
    <p class='ocr_par' dir='ltr' id='par_1_3' title="bbox 2311 1936 2794 2001">
     <span class='ocr_line' id='line_1_15' title="bbox 2311 1936 2794 2001; baseline -0.004 0"><span class='ocrx_word' id='word_1_105' title='bbox 2311 1936 2397 2001; x_wconf 89' lang='grc' dir='ltr'><strong><em>Β.</em></strong></span> <span class='ocrx_word' id='word_1_106' title='bbox 2446 1936 2794 2001; x_wconf 78' lang='lat' dir='ltr'><strong><em>Krusch.</em></strong></span> 
     </span>
    </p>
   </div>
  </div>
 </body>
</html>
