3167 5192
438 498 675 554 VITAE
712 498 1119 556 BONIFATII
1153 499 1513 556 AUCTORE
1550 500 1858 556 OTLOHO
1896 501 2134 556 LIBER
2156 502 2236 559 ΙΙ.
2356 507 2458 560 211

195 688 570 761 gaudentes
638 706 673 746 c
697 705 733 746 o
757 708 800 747 11
825 707 1003 747 011110
1027 691 1067 746 b
1093 707 1131 747 a
1154 708 1199 747 n
1222 694 1251 747 t
1273 733 1286 759 ,
1350 693 1415 747 et
1473 691 1812 748 confractis
1872 691 2173 749 librorum
2231 709 2457 768 reposi-

196 778 413 848 toriiS,
462 795 575 852 pro
616 795 769 836 auro
806 778 1150 847 volumina,
1198 796 1310 853 pro
1358 784 1617 854 argento
1657 780 1910 838 divinae
1958 781 2000 837 d
2024 798 2059 839 o
2085 799 2118 838 c
2141 785 2170 838 t
2193 782 2268 838 11
2292 800 2337 838 11
2360 799 2398 838 a
2423 799 2458 840 0

197 871 423 924 cartas
492 869 713 941 reperi
736 885 771 926 e
795 867 835 924 b
860 885 897 924 a
921 886 966 924 n
989 871 1035 925 t.
1144 866 1202 924 U
1226 887 1269 925 n
1296 869 1337 925 d
1361 885 1395 925 e
1472 863 1680 926 solita
1749 863 2098 928 dementia
2175 865 2453 948 arrepti,

198 973 239 1012 e
270 956 585 1013 osdem
646 957 979 1025 libros,
1052 973 1208 1032 quos
1267 958 1667 1026 invenerunt,
1730 958 1886 1016 alios
1933 960 2300 1034 quidem
2347 977 2458 1035 per

122 1061 153 1098 5
197 1045 423 1119 campi
459 1045 807 1119 planitiem,
848 1046 1002 1103 alios
1048 1065 1091 1101 v
1116 1063 1149 1102 0
1173 1065 1204 1102 1
1228 1062 1263 1103 0
1311 1065 1351 1120 p
1377 1064 1411 1103 e
1435 1065 1465 1103 1·
1510 1047 1663 1121 palu
1687 1065 1716 1102 s
1743 1051 1771 1104 t
1794 1047 1868 1103 ri
1893 1065 1931 1104 a
1975 1048 2057 1105 10
2082 1064 2116 1105 c
2139 1065 2178 1104 a
2225 1049 2454 1123 disper·

198 1136 457 1202 serunt,
506 1135 896 1209 quosdam
950 1151 988 1191 a
1012 1153 1055 1190 u
1078 1138 1108 1192 t
1131 1152 1165 1191 e
1191 1153 1255 1190 m
1302 1135 1368 1192 111
1416 1135 1906 1211 quibuslibeta
1961 1137 2246 1194 10018111
2271 1154 2305 1194 0
2329 1155 2454 1194 011-

196 1223 475 1296 gruis
544 1223 1055 1297 proicientes
1124 1224 1704 1281 absconderunt.
1807 1225 2457 1283 Verumtamen

197 1312 666 1386 omnipotentis
701 1311 817 1368 Dei
861 1313 1085 1386 gratia,
1132 1313 1215 1369 ut
1248 1307 1672 1384 claresceret,
1713 1308 1959 1389 quanti
1991 1312 2170 1372 esset
2202 1309 2452 1387 meriti,

199 1393 412 1457 cuius
471 1394 655 1458 idem
702 1395 983 1458 fuerant
1037 1394 1218 1472 libri,
1277 1405 1516 1476 postea,
1572 1389 1844 1478 magnob
1900 1405 2201 1477 temporis
2250 1404 2453 1479 spatio

96 1505 154 1542 10
194 1492 745 1558 transact0‚
807 1491 1038 1564 reperti
1094 1493 1246 1546 sunt
1303 1491 1664 1548 intemerati
1709 1495 1774 1548 et
1819 1493 1902 1548 ad
1951 1492 2452 1569 ecclesias,

196 1578 276 1633 111
315 1577 597 1652 quibus
644 1595 845 1653 usque
874 1579 1061 1636 hodie
1108 1579 1152 1635 h
1177 1595 1215 1634 a
1238 1578 1278 1635 b
1300 1596 1335 1635 e
1358 1579 1429 1634 ri
1478 1597 1575 1655 po
1597 1598 1627 1636 s
1654 1598 1684 1636 s
1709 1599 1752 1636 u
1775 1599 1820 1637 11
1844 1584 1873 1637 t
1897 1573 1940 1650 1,
1989 1599 2026 1638 a
2065 1582 2327 1656 singulis
2364 1583 2452 1638 in-

195 1667 579 1723 ventoribus
626 1668 1037 1741 reportati.
1116 1662 1314 1726 Inter
1346 1662 1623 1726 eosdem
1653 1667 1854 1728 vero⁰
1897 1663 2108 1728 libros
2140 1668 2452 1748 repertus

198 1744 362 1812 estd
416 1750 639 1813 sancti
686 1750 1031 1834 euangelii
1086 1750 1279 1828 liber,
1343 1771 1545 1833 quem
1594 1751 1838 1816 beatus
1884 1753 1988 1815 vir
2036 1774 2158 1837 pro
2206 1753 2453 1818 sancti-

196 1841 359 1902 tate
408 1859 533 1902 sua
578 1859 809 1902 secum
854 1839 1113 1922 iugiter
1145 1840 1413 1904 deferre
1462 1840 1747 1905 solebat.
1829 1841 1965 1906 Hic
2015 1861 2175 1924 ergo
2223 1863 2451 1924 quam·

102 1947 157 1987 15
198 1927 315 1990 vis
384 1926 616 2010 gladio
686 1931 911 2004 acuto,
986 1931 1063 1990 ut
1133 1930 1360 1992 adhuc
1423 1929 1508 1992 ab
1578 1930 2108 2014 inspicientibus
2178 1931 2452 2015 probari

197 2016 417 2089 valet,
480 2037 604 2101 per
664 2017 968 2080 medium
1027 2017 1285 2080 incisus
1330 2018 1565 2089 fuerit,
1615 2018 1878 2083 nullius
1924 2023 2160 2083 tamen
2207 2018 2449 2084 literae

196 2106 681 2186 integritatem
734 2107 973 2170 eadem
1005 2107 1336 2170 incisione
1370 2107 1695 2190 perdidit.
1763 2106 2002 2186 Quem,
2029 2111 2110 2170 ut
2140 2108 2448 2185 feruntss,

198 2197 491 2258 sanctus
526 2195 921 2259 Bonifatius
968 2189 1084 2258 inf
1121 2195 1247 2258 illa
1293 2196 1483 2272 hora,
1517 2217 1655 2278 qua
1701 2199 1789 2260 ad
1822 2201 2032 2280 caput
2079 2198 2270 2260 eiusg
2307 2198 2450 2262 abs·

201 2283 581 2346 cidendum
641 2285 1046 2348 vibrabatur
1114 2285 1405 2368 gladius,
1474 2286 1738 2350 habens
1807 2287 1880 2348 in
1943 2286 2277 2363 manibUS,
2340 2287 2451 2350 vel

104 2391 161 2430 20
200 2392 335 2454 pro
380 2373 607 2436 tutela
654 2373 921 2457 capitis,
984 2379 1063 2437 ut
1111 2373 1317 2436 multi
1363 2374 1608 2450 solent,
1673 2367 1835 2438 seuh
1891 2376 2094 2438 etiam
2161 2396 2281 2458 pro
2337 2375 2449 2438 011-

200 2481 338 2542 peo
400 2455 764 2543 spiritalii,
828 2483 1029 2544 quem
1090 2463 1163 2524 in
1225 2462 1402 2525 libro
1450 2462 1579 2525 tali
1627 2483 1772 2527 esse
1819 2464 2133 2540 credidit,
2183 2484 2449 2547 percus·

200 2549 349 2612 sori
394 2552 716 2633 opposuit
736 2551 779 2612 ².
852 2551 937 2614 In
970 2572 1103 2632 quo
1150 2551 1475 2614 nimirum
1522 2552 1720 2633 signo
1769 2557 1838 2616 et
1885 2553 2201 2615 miranda
2230 2553 2449 2616 virtus

201 2637 346 2701 Dei
394 2643 463 2702 et
495 2641 887 2703 veneranda
920 2640 1251 2702 sanctitas
1284 2639 1472 2703 beati
1505 2640 1848 2703 Bonifatii
1886 2643 2116 2723 potest
2148 2641 2447 2722 agnosci.

199 2726 601 2791 Mirabilius
648 2749 941 2810 namque
992 2729 1282 2804 videtur,
1332 2728 1515 2810 quod
1564 2729 1753 2791 nulla
1806 2729 2008 2792 incisi
2055 2729 2214 2814 libri
2246 2729 2450 2793 litera

106 2835 161 2874 25
202 2815 592 2890 delebatur,
657 2837 860 2899 quam
924 2818 981 2880 si
1027 2816 1297 2878 nullum
1343 2817 1696 2880 incisionis
1743 2818 1995 2900 stigma
2042 2838 2162 2902 per
2206 2819 2448 2882 ferien-

198 2909 353 2967 tem
400 2904 711 2988 gladium
756 2907 831 2968 in
877 2906 1053 2970 libro
1100 2907 1517 2988 reperiretur
1538 2906 1579 2966 3.

424 3012 573 3090 (28).
624 3018 1123 3093 Postquam
1164 3017 1505 3093 igitur⁰
1547 3019 2070 3095 carnifices‚qui
2112 3037 2448 3076 reman-

205 3110 577 3176 serant,
640 3108 903 3164 nulla
962 3109 1294 3164 estimatae
1340 3109 1644 3181 pecuniae
1690 3109 2055 3165 indicia
2112 3109 2450 3165 invene·

204 3183 481 3266 rantk,
532 3197 739 3252 satis
787 3197 1141 3254 contristati
1188 3197 1449 3253 domum
1497 3200 1689 3254 sunt
1735 3198 1988 3266 reversi,
2045 3199 2450 3272 sumpturi

112 3295 167 3334 80
203 3287 356 3357 post
423 3285 618 3341 trium
686 3286 930 3342 dierum
998 3286 1279 3342 indutias
1350 3285 1688 3360 dignas
1757 3283 2232 3343 facinoris
2306 3287 2451 3343 sui

424 3487 527 3529 VII.
586 3489 720 3535 Capp.
751 3487 817 3530 27.
844 3487 911 3532 28.
976 3490 1016 3530 1.
1045 3487 1115 3528 211.
1138 3489 1176 3530 b.
1194 3499 1228 3529 0.

206 3575 250 3626 a)
282 3572 325 3617 Sc
352 3576 453 3618 add.
480 3577 554 3614 sed
582 3587 693 3616 eras.
723 3575 792 3618 2a.
899 3577 945 3628 b)
976 3577 1125 3624 magni
1153 3577 1192 3625 1,
1222 3587 1335 3618 corr.
1444 3577 1485 3626 c)
1515 3587 1598 3618 om.
1625 3575 1688 3618 20.
1797 3573 1843 3626 d)
1873 3587 2084 3624 super-scr.
2111 3576 2175 3620 20.
2291 3578 2332 3629 0)
2361 3579 2452 3618 feri

207 3629 255 3677 (i.
290 3639 327 3670 0.
354 3630 514 3680 fertur)
542 3628 619 3678 ‘2123
650 3630 759 3681 10(1·ῑ
785 3631 832 3668 in
859 3630 969 3681 ras.)
996 3629 1066 3670 20.
1196 3631 1229 3680 1)
1259 3631 1306 3668 in
1334 3630 1411 3668 illa
1440 3630 1551 3668 hora
1580 3640 1663 3669 om.
1694 3629 1764 3670 2b.
1893 3633 1936 3678 g)
1968 3631 2084 3673 absc.
2113 3631 2208 3670 eius
2235 3629 2303 3680 2b,
2331 3643 2448 3671 corr.

206 3682 255 3730 h)
301 3693 383 3721 seu
420 3703 473 3710 —
507 3681 700 3722 credidit
735 3695 792 3726 m.
819 3685 877 3724 al.
910 3684 957 3721 in
982 3694 1121 3732 mary.
1148 3684 1371 3730 superiore
1402 3683 1547 3730 suppl.
1586 3683 1652 3725 20.
1816 3683 1849 3734 1)
1893 3685 1955 3722 ita
1997 3687 2044 3736 13
2087 3685 2310 3734 spirituali
2350 3686 2446 3724 rell.

116 3733 169 3773 35
206 3735 254 3784 k)
286 3737 561 3775 invenerunt
586 3735 653 3778 2b.

210 3912 264 3983 1)
322 3913 405 3978 Cf.
456 3928 627 3979 supra
667 3929 725 3978 p.
766 3915 853 3979 51,
904 3929 959 3966 n.
1000 3917 1048 3968 1.
1263 3914 1318 3980 2)
1370 3913 1454 3978 Cf.
1501 3914 1561 3968 V.
1614 3915 1696 3970 II.
1747 3915 2027 3979 Bonifatii
2065 3930 2106 3970 0.
2146 3918 2213 3970 16
2250 3919 2449 3983 (supra

199 3999 259 4049 p.
283 3985 404 4050 73).·
428 3982 781 4050 Dicebatque,
807 3983 970 4051 quod,
998 4001 1123 4036 cum
1147 3983 1329 4054 gladio
1356 3983 1634 4037 feriendus
1662 3988 1817 4052 esset,
1851 4002 2062 4038 sacrum
2089 3985 2448 4054 ewangelium

208 4053 459 4106 codicem
495 4054 657 4122 capiti
707 4071 806 4106 suo
842 4054 1179 4122 imposuerit,
1231 4059 1293 4108 ut
1341 4055 1441 4108 sub
1482 4072 1545 4108 00
1582 4056 1756 4108 ictum
1805 4056 2136 4124 percussoris
2174 4056 2451 4125 exciperet

209 4125 436 4192 eiusque
472 4124 771 4192 presidium
807 4125 1037 4178 haberet
1075 4127 1133 4179 in
1169 4131 1362 4193 morte,
1402 4125 1554 4179 cuius
1591 4126 1886 4182 lectionem
1923 4127 2192 4181 dilexerat
2225 4127 2284 4179 in
2317 4127 2446 4184 vita.

118 4203 173 4243 40
208 4196 390 4263 Neque
424 4213 543 4249 vero
576 4198 857 4250 statuerim
892 4200 1069 4266 ipsam
1108 4199 1290 4250 Otloho
1318 4205 1539 4264 praesto
1574 4199 1762 4265 fuisse,
1813 4201 1913 4266 qui
1951 4201 2130 4268 potius
2176 4201 2450 4252 ’nomenis

212 4269 569 4320 Fuzdensibus
600 4269 952 4333 referentibus
988 4269 1113 4320 haec
1146 4272 1401 4336 accepisse
1434 4268 1574 4320 mihi
1605 4270 1830 4321 videtur.
2009 4269 2063 4339 3)
2099 4271 2248 4322 Inter
2282 4271 2450 4323 libros

212 4341 311 4406 qui
356 4340 609 4390 dicuntur
644 4340 923 4406 Bonifatii
954 4339 1241 4392 Fuldenses
1276 4341 1676 4406 euanyeliorum
1713 4341 1872 4392 codex
1906 4357 1942 4392 a
1974 4341 2184 4408 Vidruy
2219 4345 2449 4411 scriptus

212 4416 359 4463 extat
394 4411 486 4477 (cf.
522 4426 695 4479 supra
723 4429 783 4478 p.
812 4413 901 4474 48,
938 4427 991 4465 n.
1032 4412 1086 4477 l)
1122 4425 1284 4476 neque
1318 4427 1439 4462 vero
1474 4412 1694 4476 vestiyia
1729 4412 2006 4464 incisionis
2040 4413 2276 4480 exhibet3
2311 4414 2449 4466 alter

212 4482 377 4534 codex
411 4497 727 4550 quocumque
762 4484 915 4536 modo
952 4483 1130 4534 laesus
1164 4483 1443 4548 euanyelia
1479 4484 1698 4532 minime
1733 4484 1972 4536 eontinet.

1921 4589 2022 4642 14*

2421 693 2433 706 .
2488 665 2722 707 willibald.

2558 731 2594 760 0.
2615 720 2655 760 8.
