3167 5192
961 1392 1718 1480 PROOEMIUM.

443 1553 806 1620 Willibaldi
850 1574 1031 1637 quem
1076 1556 1152 1619 de
1195 1554 1328 1620 vita
1372 1554 1705 1635 Bonifatii
1750 1556 2007 1656 scripsit
2050 1556 2224 1637 liber,
2286 1560 2455 1623 unde

189 1643 591 1727 posteriores
635 1649 920 1709 auctores
958 1644 1238 1727 pendent
1283 1664 1510 1725 omnes,
1559 1646 1651 1709 ad
1676 1644 2160 1710 vetustissimum
2191 1648 2454 1712 eundem

200 1732 533 1832 optimum·
563 1731 832 1798 codicem
876 1731 1360 1815 Frisinqensem
1406 1732 1811 1834 potissimum
1869 1734 2284 1800 recensendus
2343 1742 2451 1814 est,

195 1828 398 1903 atque
443 1821 572 1885 mir
573 1843 607 1885 o
653 1842 805 1887 casu
850 1820 1099 1902 accidit,
1161 1828 1232 1886 ut
1281 1820 1384 1887 bic
1442 1822 1576 1903 ipse
1635 1822 1893 1887 omnino
1949 1822 2191 1905 fuyeoit
2244 1822 2455 1888 virum

195 1910 660 1991 doctissimum,
731 1909 842 1992 qui
901 1910 994 1974 M
986 1916 1324 1975 onumenta
1393 1910 1783 1977 Germaniae
1840 1911 2206 1993 auspicatus
2263 1911 2453 1977 etiam

197 2019 396 2081 quem
443 1998 584 2064 dixi
631 1998 862 2064 librum
905 1998 980 2064 in
1009 1998 1327 2064 meliorem
1357 2005 1589 2064 statum
1618 2000 1874 2083 redeqit,
1909 2000 2074 2065 idem
2106 2022 2230 2083 per
2230 2000 2452 2084 maqni

193 2087 467 2169 quidem
511 2110 554 2151 a
598 2087 1107 2169 subsequentibus
1151 2087 1496 2153 editoribus
1539 2087 2011 2154 emistimaretur
2054 2109 2250 2171 neque
2308 2110 2452 2155 vero

192 2176 303 2241 ita
353 2176 775 2257 adhiberetur,
823 2183 894 2241 ut
933 2197 1059 2257 par
1102 2182 1260 2241 erat.
1347 2176 1556 2242 Godeoe
1601 2177 1769 2242 enim
1816 2176 2104 2260 quamvis
2147 2177 2222 2242 in
2268 2180 2454 2244 rebus

195 2264 502 2330 minimis
517 2286 824 2347 persaepe
853 2267 1302 2347 approbandus
1332 2265 1433 2346 sit,
1459 2272 1671 2331 tamen
1700 2266 1946 2331 mendis
1974 2266 2111 2331 suis
2141 2288 2272 2331 non
2301 2274 2448 2349 eqet,

195 2375 408 2437 eaque
454 2356 544 2419 ad
585 2353 860 2435 reliquos
906 2353 1145 2419 codices
1189 2354 1516 2419 emendari
1562 2354 1704 2420 licet
1748 2376 1825 2420 ea·
1870 2355 2067 2419 altero
2103 2356 2452 2437 eecemplari

197 2464 388 2507 nunc
462 2441 781 2524 deperdito
849 2449 1034 2507 ortos.
1149 2443 1261 2508 Ad
1323 2464 1595 2525 unquem
1662 2443 1864 2526 iqitur
1930 2443 2277 2525 eaescriptus
2342 2444 2450 2509 ille

192 2530 560 2613 ¹qenu-inum
617 2530 980 2597 Willibaldi
1047 2537 1280 2596 textum
1336 2532 1600 2597 minime
1658 2532 1929 2613 exhibet,
1991 2534 2103 2596 sed
2160 2532 2451 2597 lectiones

194 2619 420 2702 ipsius
464 2620 640 2686 haud
665 2640 820 2685 raro
851 2620 1018 2684 notis
1047 2620 1504 2686 adscribendae
1533 2627 1698 2701 sunt,
1732 2628 1917 2701 atque
1947 2621 2066 2686 bac
2094 2620 2243 2704 ipsa
2273 2620 2448 2701 diffi-

199 2710 442 2774 cultate
487 2709 656 2774 ratio
701 2708 928 2773 edendi
971 2730 1162 2792 quam
1191 2709 1464 2774 maxime
1492 2709 1854 2793 impeditur,
1888 2708 2267 2791 quibusnam
2296 2709 2449 2774 locis

197 2796 448 2879 reliqui
477 2797 629 2863 libri
657 2797 1081 2880 anteponendi
1107 2797 1258 2863 sint.
1321 2799 1514 2864 Nunc
1530 2798 1819 2880 primum
1848 2804 2140 2879 quotquot
2166 2797 2451 2863 inveniri

184 2893 505 2969 poterant
532 2886 769 2953 codices
798 2908 842 2951 a
872 2886 1080 2951 sodali
1108 2907 1242 2951 meo
1271 2894 1329 2951 et
1357 2886 1710 2953 emaminati
1730 2893 1789 2952 et
1817 2886 2201 2952 in-ordinem
2224 2886 2451 2969 diqesti

201 2982 380 3056 sunt,
429 2981 614 3057 atque
657 2974 1021 3041 melioribus
1065 2975 1286 3056 electis,
1335 2976 1582 3057 amplus
1641 2983 1991 3059 apparatus
2050 2977 2139 3040 ad
2193 2977 2451 3058 requlas

201 3064 378 3129 artis
423 3064 793 3146 compositus
836 3084 1034 3147 neque
1077 3071 1258 3129 vento
1303 3066 1574 3147 quodam
1606 3066 1919 3143 conflatus
1950 3071 2056 3130 est.
2134 3065 2343 3131 Porro
2374 3068 2450 3130 de

199 3152 556 3232 Bonifatio
602 3153 794 3218 etiam
839 3160 1125 3219 auctores
1157 3153 1536 3236 posterioris
1567 3153 1710 3219 aevi
1739 3153 1969 3219 audire
1998 3152 2273 3234 interest,
2308 3154 2450 3219 licet

200 3244 300 3307 ad
343 3240 552 3307 sancti
597 3241 931 3307 historiam
976 3264 1106 3307 non
1157 3242 1425 3324 faciant,
1485 3244 1655 3308 unde
1711 3263 1873 3324 quae
1930 3242 2033 3307 illi
2092 3249 2206 3317 aut
2259 3242 2446 3307 itera-

199 3338 441 3395 verunt
483 3337 595 3395 aut
638 3353 681 3395 a
726 3331 986 3396 veritate
1030 3332 1380 3397 recedentes
1409 3331 1976 3413 amplificaverunt,
2010 3352 2086 3396 ea
2118 3330 2312 3395 latius
2341 3332 2448 3395 ad-

199 3419 414 3484 missa
459 3425 622 3500 sunt,
683 3439 875 3500 quam
927 3420 1098 3485 alias
1155 3420 1330 3485 soliti
1389 3441 1661 3486 eramus.
1768 3420 2114 3485 Praeterea
2158 3418 2449 3501 plerique

199 3529 427 3573 eorum
471 3507 690 3573 ordini
737 3515 850 3574 aut
891 3508 1186 3575 ecclesiae
1214 3508 1683 3589 monasteriove,
1716 3508 1942 3591 quibus
1970 3507 2211 3573 addicti
2242 3515 2444 3589 erant,

201 3598 618 3678 consulentes,
645 3600 720 3662 de
743 3596 1024 3663 moribus
1053 3597 1412 3680 actibusque
1443 3597 1583 3663 aevi
1613 3597 1716 3663 sui
1744 3618 1845 3661 res
1876 3596 2116 3678 aliquot
2142 3596 2449 3661 memoria

201 3686 446 3785 diynas
490 3686 914 3751 tradiderunt.
991 3686 1338 3753 Radbodus
1382 3686 1704 3769 episcopus
1741 3684 2180 3765 Traiectensis,
2229 3692 2451 3751 auctor

199 3774 494 3857 inqenua
553 3777 832 3857 quadam
889 3774 1291 3857 simplicitate
1337 3775 1692 3857 praeditus,
1755 3794 1881 3855 qua
1933 3774 2249 3839 Fresones
2308 3796 2450 3839 cum

187 3862 487 3945 piscibus
531 3884 787 3945 compar
787 3862 923 3929 avit
951 3864 1440 3946 Martinumque
1485 3864 1846 3929 erinaceum
1891 3864 2206 3929 caelestem
2243 3865 2448 3947 appel-

201 3951 387 4032 lavit,
437 3952 686 4034 colleyis
729 3952 867 4017 suis
910 3952 1326 4032 Bonifatium
1371 3953 1715 4052 eaeemplum
1761 3951 2099 4036 proposuit
2140 3952 2448 4053 huiusque

198 4040 550 4105 virtutibus
592 4039 848 4106 illorum
895 4041 1180 4123 opposuit
1221 4041 1682 4125 arroyantiam,
1726 4040 2066 4121 luxuriam,
2101 4040 2447 4107 avaritiam

199 4150 408 4210 neque
452 4128 696 4195 sanctis
735 4130 1184 4212 qratulabatur
1228 4133 1473 4197 morbos
1515 4129 1912 4211 sanantibus,
1945 4130 2057 4193 sed
2082 4135 2152 4195 ut
2180 4135 2317 4194 erat
2344 4128 2449 4193 vir

188 4216 652 4299 peritissimus,
722 4218 882 4283 vitia
941 4219 1020 4283 ab
1081 4219 1173 4284 eis
1231 4218 1577 4302 exstirpari
1636 4218 1878 4283 maluit.
1986 4218 2228 4283 Auctor
2281 4214 2447 4281 vitae

198 4313 478 4388 quartae
522 4327 653 4371 non
697 4307 895 4372 solum
941 4306 1044 4372 sui
1073 4308 1463 4389 monasterii,
1511 4307 1750 4373 scilicet
1780 4308 1847 4373 S.
1874 4304 2145 4371 Victoris
2175 4304 2447 4387 Moqun-

200 4395 351 4475 tini,
401 4394 654 4477 neqotia
694 4396 904 4478 yessit,
953 4398 1064 4461 sed
1096 4417 1220 4477 pro
1251 4396 1542 4462 ecclesiae
1571 4394 2085 4477 metropolitanae
2114 4394 2448 4459 commodis

201 4482 530 4549 laboravit
573 4490 756 4566 atque
799 4484 953 4550 iura
997 4484 1456 4567 archiepiscopi
1499 4485 1574 4549 in
1616 4484 1825 4565 ipsum
1858 4503 2099 4565 papam
2142 4482 2445 4562 defendit.

534 4619 810 4785 Ham·
951 4676 1098 4746 ufic
1156 4678 1254 4743 29
1320 4685 1462 4750 1931
