3167 5192
1801 1394 1884 1459 V.

916 1550 1158 1624 VITA
1216 1546 1496 1642 QUAR
1508 1549 1636 1623 TA
1687 1547 2092 1625 BONJFA
2104 1550 2260 1623 ΤΠ
2301 1553 2368 1623 A
2383 1547 2800 1627 UCTORE

1507 1657 1742 1769 Moe*
1753 1658 2183 1736 UNTINO.

734 1819 1095 1883 INCIPIT
1162 1817 1485 1884 PASSIO
1546 1817 1882 1883 SANOTI
1943 1817 2435 1884 BONIFAOII
2499 1818 2969 1886 MOGUNTI-
3136 1812 3139 1843 f

734 1908 800 1971 N
803 1908 928 1971 EN
933 1907 1070 1972 SIS
1107 1906 1855 1984 ARCHIEPISCOPL
1889 1906 2057 1985 QUI
2103 1906 2478 1971 ΕΧΤΙΤΙΤ
2523 1906 2969 1973 TEMPORI·
3004 1935 3030 1973 5

737 1996 912 2060 BUS
970 1993 1328 2060 KAROLI
1386 1995 1453 2058 N
1457 1994 1978 2061 OBILISSIMI
2044 1995 2321 2061 REGIS
2383 1995 2551 2076 QUI
2621 1996 2972 2073 SENIOR

1005 2083 1399 2149 DIOITUR
1442 2084 1556 2147 ΕΤ
1603 2084 1967 2148 ΡΙΡΡΙΝΙ
2013 2084 2404 2149 FRATRIS
2451 2086 2691 2150 EIUS.

950 2206 1105 2291 (1)⁸.
1225 2209 1674 2293 Temporibus
1761 2208 2134 2274 venerandi
2210 2210 2455 2275 Karoli
2538 2212 2659 2295 qui
2740 2210 2971 2275 senior

739 2299 993 2363 dicitur
1060 2302 1131 2363 et
1198 2298 1474 2383 Pippim‘
1540 2298 1779 2363 fratris
1799 2298 1822 2338 ²
1890 2299 2036 2363 eius
2102 2299 2242 2362 fuit
2316 2300 2595 2383 quidam
2651 2300 2971 2363 antistes

736 2388 1011 2452 nomine
1060 2385 1418 2465 GerolduS,
1466 2388 1587 2471 qui
1632 2390 1790 2471 post
1833 2387 2275 2452 Raobardum
2321 2392 2627 2452 sanctam
2677 2388 2971 2471 Mogun·
3009 2413 3058 2451 10

736 2477 883 2540 tine
952 2477 1131 2541 sedis
1189 2477 1369 2541 rexit
1428 2476 1787 2541 eeclesiam
1806 2476 1850 2537 ².
1954 2475 2055 2541 Eo
2115 2479 2422 2560 tempore
2480 2477 2973 2561 inquietabant

741 2565 1039 2630 Saxones
1105 2559 1545 2648 Turingiamb
1621 2565 1973 2649 regionem
1993 2616 2007 2642 ,
2083 2566 2186 2629 ita
2255 2569 2335 2628 ut
2411 2566 2728 2649 conpulsi
2803 2569 2975 2629 sunt

741 2657 984 2737 sponte
1032 2654 1403 2739 confugere
1456 2655 1545 2718 ad
1605 2654 2077 2737 supradictum
2139 2655 2514 2739 principem
2563 2655 2901 2720 Karolum
2921 2655 2970 2732 3,

740 2746 1081 2827 quatenus
1126 2763 1249 2806 suo
1296 2743 1678 2826 patrocinio
1708 2746 2125 2807 tutarentur.
2197 2742 2382 2822 Quos
2412 2744 2532 2807 ille
2563 2748 2964 2828 susceptos0

740 2836 1108 2915 utrumque
1156 2834 1226 2896 et
1272 2831 1670 2896 muneribus
1714 2832 2065 2896 onustavit
2110 2836 2181 2896 et
2213 2832 2574 2897 consilium
2602 2834 2972 2916 impendit.
3011 2857 3060 2896 ιε

746 2920 1056 3003 Contigit
1129 2941 1425 3004 namque
1500 2920 1888 3005 predictum
1963 2921 2340 3005 principem
2417 2943 2571 2986 cum
2663 2924 2974 2987 exercitu

744 3012 983 3072 contra
1030 3008 1331 3074 Saxones
1375 3010 1474 3074 ire
1494 3010 1521 3047 4
1566 3008 1904 3092 simulque
1953 3008 2329 3073 Geroldum
2376 3010 2778 3092 antistitem
2809 3032 2975 3075 cum

746 3098 884 3160 suis
929 3097 1190 3161 Karolo
1237 3098 1680 3182 suffragando
1711 3101 1783 3162 et
1814 3098 2131 3161 hostibus
2160 3098 2571 3182 refragando
2605 3100 2975 3163 certamini

746 3186 1072 3251 interesse
1092 3186 1135 3249 ⁵.
1228 3184 1412 3265 Quid
1472 3186 1722 3270 plura?
1815 3184 2258 3250 certantibus
2318 3187 2726 3252 altrinsecus
2787 3208 2974 3252 exer-

958 3377 1010 3417 v.
1064 3377 1167 3425 cap.
1196 3378 1234 3418 1.
1302 3378 1340 3421 1.
2679 3374 2688 3383 ’
3011 3389 3056 3427 20

746 3467 791 3512 a)
818 3467 984 3503 numeri
1008 3465 1159 3504 desunt
1188 3465 1309 3509 codd.
1415 3464 1462 3516 b)
1489 3466 1630 3505 Thur.
1659 3466 1716 3509 F.
1821 3467 1861 3514 c)
1891 3476 2004 3507 corr.
2035 3476 2056 3503 e
2082 3471 2319 3515 supceptos
2348 3467 2386 3509 1.
3136 3482 3139 3535 4

749 3625 802 3694 1)
850 3626 1024 3677 Immo
1070 3626 1187 3691 filii.
1367 3628 1423 3694 2)
1478 3626 1547 3678 In
1599 3626 1868 3692 Cataloqis
1915 3628 2068 3693 episc.
2103 3626 2405 3692 Mequntin,
2456 3630 2577 3677 ante
2625 3626 2976 3689 Bonifatium

746 3695 1083 3763 Laboaldus,
1149 3694 1495 3765 RigibertuS,
1556 3695 1854 3763 Geroldus,
1916 3694 2184 3749 Gewih‘ob
2236 3713 2342 3749 sese
2397 3696 2794 3762 subsequuntur
2848 3696 2974 3761 (SS.

746 3767 913 3829 XIII,
967 3770 1070 3822 311
1106 3772 1260 3834 sqq),
1315 3770 1395 3820 ita
1448 3774 1509 3820 ut
1566 3768 1828 3820 Ger-oldus
1880 3771 2072 3820 tertius
2131 3768 2318 3821 ordine
2351 3774 2686 3820 enumeretur
2720 3784 2758 3819 a
2793 3766 2974 3819 Labo-

746 3838 884 3903 aldo,
934 3854 1085 3903 quem
1132 3840 1347 3891 eundem
1395 3845 1551 3905 atque
1603 3838 1954 3891 Raobardum
2006 3855 2112 3891 esse
2149 3844 2317 3907 patet.
2529 3840 2586 3905 3)
2640 3836 2976 3890 Karloman-
3009 3852 3057 3893 25

745 3925 879 3960 num
930 3912 1167 3961 correxit
1222 3908 1372 3961 otloh
1423 3909 1471 3974 I,
1520 3912 1608 3965 41.
1823 3910 1879 3975 4)
1933 3910 2160 3962 Carolus
2219 3926 2271 3963 a.
2324 3911 2443 3965 738.
2493 3914 2679 3960 contra
2733 3910 2978 3961 Saxones

737 3982 1009 4047 profectus
1044 3987 1118 4033 est
1152 3987 1309 4046 (cont.
1344 3980 1564 4047 Fredey.
1604 3996 1646 4031 c.
1674 3982 1741 4035 19
1755 3996 1781 4043 ;
1816 3982 1959 4033 Ann.
1984 3980 2357 4046 Latere-eham„
2394 3980 2708 4043 Alamann„
2743 3979 2974 4046 Nazar.‚

746 4050 843 4109 SS,
899 4052 947 4118 Ι,
1004 4055 1074 4107 26
1109 4069 1219 4119 8q.,·
1269 4052 1412 4105 Ann.
1466 4051 1760 4116 Mosellam,
1813 4051 1886 4106 ib.
1941 4051 2105 4119 XVI,
2155 4054 2287 4112 495)
2301 4067 2326 4114 ;
2387 4050 2758 4102 Carlmannus
2811 4051 2977 4115 filius,

746 4124 926 4187 frater
973 4123 1220 4190 Pimn'm',
1273 4139 1325 4178 a.
1372 4124 1491 4177 743.
1540 4130 1586 4175 et
1633 4139 1684 4176 a.
1731 4123 1850 4177 744.
1899 4128 2084 4175 contra
2128 4123 2326 4176 eosdem
2371 4122 2564 4173 bellum
2606 4123 2772 4187 gessit
2815 4124 2976 4185 (cont.

745 4193 967 4261 Γναῖος.
1023 4210 1063 4248 c.
1116 4196 1184 4248 27
1196 4211 1220 4257 ,·
1272 4195 1414 4248 Ann.
1464 4196 1625 4261 reym'
1668 4192 1868 4248 Franc.
1925 4195 2000 4251 ed.
2052 4194 2242 4246 Kurze
2285 4211 2340 4261 p.
2378 4194 2430 4259 4,
2482 4198 2571 4247 oet.
2589 4208 2613 4255 ;
2666 4194 2734 4257 cf.
2785 4191 2976 4244 Mala-
3013 4207 3058 4247 ω

748 4265 959 4333 bacher,
1004 4266 1131 4331 Ray.
1168 4263 1251 4330 1²,
1298 4280 1352 4319 n.
1389 4267 1502 4320 450.
1539 4265 1680 4333 4812).
1845 4264 1899 4334 5)
1953 4265 2033 4331 Cf.
2077 4266 2353 4330 Bonifatii
2385 4266 2531 4332 epist.
2569 4266 2640 4319 50
2689 4267 2766 4331 (p.
2804 4266 2978 4329 300).-

748 4334 823 4389 Et
875 4334 1225 4389 inveniuntur
1277 4333 1498 4403 quidam
1550 4336 1696 4389 inter
1749 4352 1842 4389 eos
1897 4336 2167 4405 episcopi,
2224 4366 2287 4375 -
2347 4364 2410 4373 -
2467 4334 2562 4401 qui
2615 4336 2860 4403 pugnant
2915 4333 2979 4385 in

750 4406 991 4461 exercitu
1041 4405 1236 4458 armati
1290 4408 1346 4458 et
1395 4404 1750 4459 effundebant
1802 4407 2027 4475 propria
2078 4424 2245 4460 manu
2298 4405 2618 4477 sanguinem
2669 4403 2977 4471 hominum,

750 4477 861 4531 sive
895 4493 1233 4547 paganorum
1267 4476 1382 4530 sive
1418 4476 1850 4533 christianorum.
