3167 5192
477 670 710 764 Willibsald.

557 734 578 761 0
582 755 590 765 .
639 756 648 765 .

733 493 839 546 210
954 488 1197 545 VITAE
1232 490 1637 547 BONIFATII
1673 488 2032 544 AUCTORE
2070 487 2377 543 OTLOHO
2416 487 2652 544 LIBER
2675 488 2755 545 11.

733 680 1338 739 victissimae
1384 681 1727 739 mentis
1768 680 2156 737 bellain
2196 679 2361 736 hac
2399 679 2975 753 parvissima

732 770 1124 845 perdere
1191 770 1446 839 hora,
1515 770 1711 828 nolite
1772 766 2317 843 perversis²
2371 768 2704 842 gentilium
2758 768 2973 824 adula-

731 858 1010 916 tionibus
1085 860 1604 934 implicari‚
1682 859 1797 915 sed
1871 858 2309 927 subitaneum,
2390 857 2625 932 quod
2700 857 2973 913 nobis

731 934 926 1004 iamb
981 948 1362 1017 inminet,
1423 948 1644 1005 mortis
1704 946 2091 1022 periculum
2139 961 2262 1024 pro
2308 939 2499 1003 illius
2547 960 2797 1017 amore,
2855 940 2975 1022 qui

733 1051 856 1113 pro
903 1030 1101 1095 nobis
1147 1051 1388 1115 passus
1435 1034 1558 1107 est,
1622 1040 1987 1093 constanter
2046 1038 2133 1092 et
2200 1036 2644 1092 viriliter
2706 1036 2974 1091 susti·
3009 1050 3035 1090 ⁵

732 1129 943 1194 nete,
1013 1129 1087 1182 ut
1132 1144 1278 1183 cum
1336 1126 1510 1182 illo
1570 1125 2131 1201 perenniter
2191 1124 2446 1199 possitis
2505 1123 2972 1198 gaudere'.

944 1224 1097 1302 (26).
1212 1232 1611 1290 Necdum
1679 1229 1946 1288 vero⁰
2032 1231 2310 1287 huius
2388 1229 2975 1287 salutiferae

733 1320 1425 1378 admonitionis
1515 1321 1797 1378 verba
1887 1337 1925 1376 a
2016 1324 2347 1377 sancto
2438 1319 2971 1387 BonifatiO,

734 1409 1076 1483 discipulos
1145 1410 1229 1466 ad
1297 1426 1592 1467 coronam
1662 1410 1947 1483 martyrii
2022 1410 2213 1465 incita
2237 1411 2391 1465 nte
2420 1451 2433 1477 ,
2504 1426 2539 1465 c
2563 1424 2599 1465 o
2625 1426 2757 1483 mp
2780 1408 2802 1464 1
2828 1425 2861 1465 e
2885 1412 2914 1465 t
2937 1425 2975 1465 a

735 1505 960 1567 sunt,
1010 1502 1090 1556 et
1135 1492 1351 1556 ecce!
1400 1498 1618 1555 furens
1650 1514 2041 1573 paganorum
2082 1497 2525 1554 multitudo
2565 1514 2713 1554 cum
2744 1497 2973 1571 gladiis
3013 1513 3059 1551 10

734 1588 1117 1662 omnique
1185 1587 1552 1645 infesta
1620 1590 1940 1643 armatura
2002 1604 2190 1661 super
2248 1603 2355 1643 eos
2400 1587 2582 1644 irruit
2626 1604 2971 1643 eorum·

733 1690 894 1751 que
940 1692 1198 1751 corpora
1241 1676 1410 1734 felici
1454 1676 1607 1733 cede
1652 1664 2076 1733 cruentavitd.
2157 1674 2408 1746 Quod
2454 1692 2645 1732 cum
2690 1675 2972 1732 fecis·

734 1782 764 1821 s
789 1782 823 1821 e
847 1784 891 1821 n
915 1768 944 1822 t
970 1808 984 1833 ,
1063 1765 1398 1823 confestim
1466 1766 1790 1823 victricem
1868 1765 2293 1821 damnationis
2372 1781 2523 1821 suae
2600 1781 2634 1821 c
2658 1781 2696 1821 a
2719 1783 2766 1820 u
2790 1782 2820 1820 s
2846 1782 2885 1821 a
2908 1783 2974 1820 m

733 1857 1227 1927 augenteS,
1276 1855 1565 1929 primo
1614 1854 1981 1929 quidem
2026 1854 2451 1927 ingressi
2498 1857 2718 1910 sunt
2766 1857 2977 1910 castra

733 1946 820 2000 et
866 1944 1203 2011 omnia,
1253 1960 1480 2017 quae
1540 1943 1756 1999 illic
1809 1945 2079 1999 erant
2125 1942 2583 2017 reposita,
2645 1946 2828 1999 tam
2888 1943 2978 1999 in
3012 1957 3059 1997 1⁵

732 2032 944 2087 libris
1015 2049 1262 2105 quam
1332 2032 1422 2088 in
1490 2032 1887 2105 capsellis
1957 2032 2362 2106 reliquiarum
2430 2035 2977 2089 sanctarum

733 2120 1276 2191 abstulerunt,
1339 2118 1993 2178 arbitrantese
2064 2138 2131 2177 se
2204 2120 2289 2177 in
2349 2120 2483 2176 eis
2542 2124 2976 2195 repertu-

733 2225 879 2265 ros
949 2209 1295 2267 multos
1358 2210 1495 2266 auri
1552 2212 1641 2265 et
1700 2210 1946 2284 argenti
1992 2210 2523 2266 thesauros·
2616 2209 2975 2265 Deinde

732 2314 920 2354 vero
975 2298 1059 2353 ad
1104 2315 1300 2355 naves
1355 2302 1889 2367 currentes,
1951 2302 2501 2372 asportaverunt
2554 2298 2804 2355 etiam
2858 2315 2974 2366 ea,

735 2403 934 2462 quae
981 2387 1074 2443 de
1120 2387 1478 2445 cottidiano
1538 2388 1905 2444 clericorum
1951 2404 2451 2462 puerorumque
2511 2387 2699 2443 victu
2758 2387 2976 2443 illic
3012 2402 3064 2441 ιο

734 2479 1408 2533 remanserant.
1532 2475 1702 2533 Ubi
1783 2493 1973 2533 cum
2056 2464 2392 2550 aliquidf
2475 2475 2628 2533 vini
2718 2476 2977 2533 inter

735 2567 1050 2641 cetera
1109 2566 1745 2639 reperissent,
1809 2568 2222 2642 ceperunt
2282 2582 2380 2621 ex
2448 2582 2543 2621 eo
2610 2566 2976 2622 laetan-

733 2656 875 2709 ter
955 2658 1344 2728 gustare
1421 2654 2085 2729 furentemque
2170 2655 2565 2710 animum
2641 2654 2974 2712 inebriare.

733 2742 953 2798 Post
1015 2743 1238 2800 haec
1283 2759 1498 2799 vero
1544 2746 1815 2799 tractare
1874 2746 1938 2799 et
1983 2743 2307 2800 consulere
2355 2744 2973 2812 studuerunt,

735 2831 1002 2906 qualiter
1060 2832 1363 2899 illum,
1425 2832 1576 2906 qui
1637 2832 2157 2905 putabatur
2216 2832 2670 2888 inventus
2730 2845 3065 2901 esse,25
3146 2878 3148 2893 ,

734 2920 888 2975 auri
956 2923 1038 2976 et
1105 2921 1372 2994 argenti
1441 2921 1989 2977 thesaurum
2057 2921 2327 2977 invicem
2398 2921 2974 2977 dividerent.

735 3006 1018 3083 Cumque
1064 3010 1366 3082 prolixius
1406 3010 1484 3065 de
1530 3012 1762 3066 tantae
1809 3010 2125 3083 pecuniae
2171 3010 2717 3067 sermocinantes
2766 3010 2977 3066 divi—

735 3097 942 3165 sione,
1005 3098 1515 3172 nequirent
1582 3114 1760 3154 rem
1820 3114 2289 3155 consensu
2351 3098 2773 3173 pacifico
2836 3099 2976 3156 de-

733 3185 1109 3256 finireg,
1159 3190 1340 3243 tanta
1387 3186 1707 3244 subito
1753 3188 2007 3244 inter
2053 3204 2203 3244 eos
2243 3187 2553 3245 discordia
2599 3191 2685 3244 et
2733 3188 2973 3261 discep·
3146 3254 3148 3261 Ι

734 3275 1155 3332 tatio'exorta
1201 3278 1318 3343 est,
1367 3278 1440 3332 ut
1486 3276 1798 3332 eodem
1845 3275 2075 3344 furore,
2124 3276 2434 3333 eadem
2480 3277 2751 3333 vesania
2798 3278 2973 3333 eis·
3010 3287 3061 3327 ao

735 3364 778 3420 d
801 3380 835 3420 e
859 3382 926 3419 m
949 3381 989 3438 q
1013 3382 1057 3421 u
1079 3381 1113 3420 e
1178 3381 1314 3421 arm
1337 3364 1359 3420 i
1383 3382 1413 3421 s
1434 3408 1447 3432 ,
1509 3365 1737 3440 quibus
1798 3370 1987 3422 antea
2046 3368 2299 3422 sanctos
2358 3369 2671 3439 martyres
2729 3365 2971 3441 iugula·

733 3452 952 3521 bant,
1019 3457 1288 3510 semet
1353 3454 1523 3528 ipsos
1583 3451 1828 3510 mutua
1889 3441 2409 3531 condignaqueh
2475 3449 2641 3512 cede
2699 3470 2971 3511 neca-

734 3559 764 3598 r
787 3545 972 3612 ent,
1033 3536 1217 3600 iusto
1266 3535 1400 3600 Dei
1443 3536 1702 3600 iudicio
1748 3535 1889 3600 illis
1937 3540 2337 3601 occurrente
2399 3539 2469 3601 et
2510 3530 2619 3600 ini
2677 3540 2825 3600 tam
2874 3558 2973 3601 re-

733 3624 1025 3706 probum
1095 3644 1369 3689 sensum
1439 3619 1727 3689 caderek
1792 3627 2257 3709 permittente,
2329 3629 2410 3688 ut
2473 3626 2770 3689 eundem
2832 3626 2972 3710 gla-
3144 3652 3148 3737 A

736 3713 946 3790 dium,
995 3733 1198 3795 quem
1246 3714 1787 3797 evaginaverunt
1834 3714 1922 3777 ad
1968 3714 2481 3779 interficiendos
2517 3713 2763 3779 salutis
2807 3735 2975 3779 suae
3012 3731 3061 3772 ⁸⁵

734 3801 1103 3879 minist-roffi
1153 3804 1640 3885 transfigerent
1684 3803 1761 3865 in
1807 3804 2015 3867 corda
2059 3797 2433 3887 ipsoruml.

945 3907 1096 3986 (27).
1199 3915 1758 3972 Huiusmodi
1838 3916 2051 3990 itaque
2128 3920 2380 3990 strage
2454 3916 2785 3986 finita,
2868 3918 2976 3992 qui

734 4006 1149 4077 supererant
1215 4004 1556 4061 iterum
1618 4005 1715 4061 de
1783 4005 2392 4079 pecuniarum
2462 4005 2977 4079 opinionem

951 4188 1051 4231 vn.
1104 4187 1240 4235 capp.
1271 4186 1446 4227 25—27.
1505 4189 1542 4229 1.
1576 4188 1627 4227 1*
1654 4189 1734 4234 (aa
1762 4189 1792 4229 ι.
1815 4188 1902 4237 12).
1933 4188 2002 4229 2a.
2026 4190 2065 4230 b.
2090 4201 2127 4228 c.

734 4276 776 4325 a)
807 4285 1020 4323 perverse
1047 4274 1113 4317 20.
1225 4276 1270 4327 b)
1299 4287 1382 4317 om.
1414 4276 1480 4316 1¹⁸³.
1606 4278 1647 4326 c)
1676 4288 1785 4316 vero
1814 4298 1868 4307 -—
1896 4276 2137 4327 discipulos
2166 4278 2222 4317 ad
2249 4288 2307 4319 m.
2334 4288 2489 4316 coaeva
2516 4279 2563 4316 in
2590 4288 2729 4326 maro.
2761 4279 2977 4325 inferiore
3011 4280 3065 4319 40

732 4329 874 4377 suppl.
901 4328 967 4367 1*.
1092 4330 1136 4379 d)
1164 4329 1212 4367 in
1239 4331 1496 4369 cruentavit
1521 4330 1679 4367 desinit
1706 4330 1770 4371 1¹⁸¹.
1902 4333 1941 4380 e)
1973 4342 2048 4370 eos
2076 4332 2193 4380 aad„
2222 4332 2296 4369 sed
2322 4331 2405 4373 del.
2433 4334 2471 4371 1.
2600 4332 2634 4382 f)
2663 4330 2849 4381 aliquod
2878 4333 2975 4372 vini

734 4381 796 4432 (v.
825 4392 1038 4429 superscr.
1066 4382 1150 4429 2α;
1176 4384 1407 4422 vasculum
1435 4383 1537 4422 add.
1567 4382 1638 4435 2b)
1666 4383 1735 4427 2α.
1754 4384 1793 4426 b.
1928 4384 1970 4435 g)
2000 4384 2178 4423 definiri
2205 4384 2269 4435 2⁶,
2298 4395 2412 4426 corr.
2546 4382 2597 4435 h)
2624 4386 2689 4423 ita
2716 4388 2756 4425 1.
2787 4386 2854 4437 3c;
2885 4397 2975 4434 que

733 4445 815 4475 om.
844 4435 892 4485 33
922 4433 1232 4484 condignaque
1261 4447 1346 4477 om,
1371 4435 1442 4479 2a.
1460 4436 1498 4477 b.
1523 4448 1560 4478 c.
1680 4437 1711 4487 i)
1738 4448 1797 4476 m.
1828 4438 1887 4481 al.
1913 4448 2128 4485 supereo-r.
2157 4436 2223 4479 2ο.
2354 4436 2400 4489 k)
2430 4435 2609 4488 cade(re
2636 4439 2684 4476 in
2711 4438 2865 4489 litura)
2894 4438 2973 4489 2⁰3

735 4485 892 4528 eadem
912 4499 990 4536 pr.
1013 4500 1072 4531 m.
1099 4488 1168 4532 2b.
1273 4490 1308 4541 1)
1335 4491 1399 4528 ita
1424 4488 1495 4533 2a.
1517 4501 1561 4537 c;
1592 4500 1774 4529 suorum
1802 4490 1880 4540 2b3
1910 4502 1992 4529 sua
2022 4494 2059 4533 1.
2092 4491 2131 4532 3.
2243 4490 2303 4541 111)
2333 4491 2555 4531 divisione
2582 4490 2648 4534 2b.
