3167 5192
490 714 629 763 Epist.
648 715 713 753 21.

736 509 841 563 134
969 504 1211 560 VITAE
1246 502 1658 558 BONIFATII-
1687 500 2046 557 AUCTORE
2084 500 2388 556 OTLOHO
2427 500 2663 557 LIBER
2685 500 2734 556 1.
3146 424 3149 547 ‹

735 695 870 764 tiae,
918 693 1285 752 annuntio
1330 710 1367 749 v
1386 710 1417 751 o
1438 692 1584 760 bis,
1633 690 1902 765 quoniam
1935 708 2124 764 prope
2167 696 2249 750 est
2283 709 2522 766 reqnum
2549 690 2686 761 Dei,
2717 695 2784 750 ut
2814 709 2978 749 nemo

734 800 832 843 vos
878 782 1128 856 amplius
1156 780 1406 855 decipiat
1436 780 1499 838 in
1527 780 1877 861 sublimitate
1920 797 2046 837 ver
2061 780 2093 837 b
2109 798 2140 839 o
2154 798 2190 839 r
2205 798 2244 839 u
2258 798 2348 849 m,
2396 784 2511 839 aut
2537 780 2601 839 in
2631 798 2980 854 quocumque

734 872 959 931 metallo
1004 870 1245 929 salutem
1289 874 1539 929 vestram
1598 868 1910 942 quaeratis,
1971 867 2276 927 adorantes
2333 868 2494 928 idola
2550 887 2727 927 manu
2789 871 2977 939 facta,

734 979 933 1031 aurea,
980 964 1268 1034 arqentea,
1314 976 1503 1027 aerea,
1551 957 1783 1031 lapidea
1825 957 1914 1015 vel
1958 957 2027 1015 de
2079 976 2424 1031 quacumque
2481 958 2729 1016 materia
2789 959 2976 1028 facta,

734 1068 809 1124 qu
826 1068 861 1108 a
877 1068 906 1107 e
951 1048 1229 1119 falsidica
1274 1048 1508 1107 nomina
1553 1066 1592 1105 a
1637 1046 1893 1121 paqanis
1951 1046 2269 1121 antiquitus
2328 1046 2496 1122 quasi
2554 1046 2682 1105 dii²
2734 1035 2968 1105 voca-tib
3014 1066 3044 1105 5
3147 1112 3149 1129 ἦ

732 1143 892 1208 sunt,
953 1138 1017 1196 in
1076 1137 1281 1211 quibus
1340 1136 1598 1194 demones
1655 1135 1917 1193 habitare
1983 1140 2312 1205 noscuntur,
2383 1138 2682 1211 quoniam
2751 1153 2976 1193 omnes
3147 1132 3149 1139 '

732 1228 836 1284 Dii
880 1228 1187 1303 gentium,
1234 1230 1299 1284 ut
1342 1225 1431 1283 ait
1472 1224 1788 1297 scriptura,
1836 1225 2130 1281 demonia
2161 1228 2332 1294 sunt,
2365 1223 2716 1282 Dominus⁰
2756 1230 2979 1283 autem

734 1320 949 1374 noster
1024 1316 1229 1374 caelos
1296 1314 1467 1373 fecit.
1589 1311 1936 1389 Quicumque
2001 1317 2188 1371 autem
2255 1313 2320 1371 in
2385 1313 2544 1372 vobis
2610 1318 2980 1387 susceperunt

740 1402 1033 1463 Christum
1077 1392 1311 1463 Iesumd
1363 1402 1656 1462 domin-um
1717 1406 1994 1470 nostrum,
2058 1402 2123 1459 in
2183 1402 2310 1476 ipso
2373 1402 2659 1461 ambulent
2710 1404 2977 1459 radicati

735 1497 799 1552 et
846 1492 1347 1569 superaedificati
1392 1495 1457 1549 et
1502 1488 1894 1549 confirmati⁰
1949 1490 2096 1559 fide,
2145 1491 2546 1549 abundantes
2562 1478 2588 1521 f
2633 1492 2700 1548 in
2744 1493 2977 1567 gratia·
3015 1511 3068 1549 ιο

734 1602 878 1641 rum
922 1584 1187 1641 actione.
1275 1580 1488 1649 Videte,
1548 1598 1618 1638 ne
1663 1578 1791 1653 quis
1835 1596 1934 1637 vos
1979 1579 2230 1653 amplius
2273 1580 2526 1654 decipiat
2559 1598 2673 1653 per
2720 1579 2977 1654 philoso-

725 1671 934 1745 phiam
977 1676 1031 1729 et
1073 1671 1302 1729 inanem
1348 1669 1668 1740 fallaciam.
1747 1666 2072 1726 Astutiores
2116 1668 2266 1726 enim
2307 1673 2440 1727 sunt
2469 1667 2584 1739 filii
2615 1669 2980 1727 tenebrarum
3143 1660 3150 1781 1

736 1778 908 1835 quam
951 1759 1066 1831 filii
1111 1759 1272 1818 lucis.
1378 1756 1673 1816 Discedite
1730 1757 1802 1815 ab
1859 1756 2146 1815 idolorum
2204 1758 2432 1817 cultura
2490 1762 2544 1815 et
2610 1758 2858 1816 accedite
2925 1762 2980 1815 et

736 1850 974 1908 adorate
1018 1848 1309 1907 dominum
1353 1845 1542 1905 Deum
1586 1850 1865 1914 nostrum,
1931 1847 2038 1921 qui
2082 1846 2236 1904 fecit
2281 1848 2528 1904 eaelum
2589 1850 2654 1904 et
2716 1851 2977 1915 terram,

736 1956 909 1996 mare
955 1942 1022 1996 et
1066 1938 1278 1995 omnia
1325 1953 1484 2012 quae
1529 1937 1598 1992 in
1645 1936 1734 1992 eis
1783 1938 1952 2005 sunt,
1986 1939 2039 1993 et
2067 1935 2259 1993 vultus
2287 1935 2464 1993 vestri
2491 1954 2606 1994 non
2633 1936 2977 1994 erubescent.
3016 1951 3066 1990 15
3146 1922 3149 1973 ἕ

745 2026 903 2086 Unus
945 2026 1096 2085 enim
1124 2024 1411 2084 Dominus
1455 2024 1764 2093 hominum,
1809 2024 2124 2093 volucrum,
2155 2023 2587 2097 quadrupedum
2616 2029 2670 2082 et
2697 2024 2979 2097 piscium,

737 2116 837 2189 qui
882 2120 964 2173 est
1008 2114 1323 2173 benedictus
1366 2113 1431 2171 in
1484 2112 1674 2171 secula
1730 2112 2062 2171 seculorum.
2170 2112 2487 2186 Expoliate
2543 2130 2676 2188 erqo
2734 2117 2982 2171 veterem

737 2204 1017 2264 hominem
1062 2208 1115 2262 et
1158 2202 1379 2261 induite
1428 2200 1720 2261 Christum
1779 2219 2004 2271 novum,
2075 2201 2407 2275 deponentes
2465 2202 2642 2273 iram,
2709 2202 2978 2276 indiqna-

738 2294 965 2363 tionem,
1011 2292 1325 2361 maliciam,
1372 2290 1818 2364 blasphemiam;
1864 2294 2088 2363 turpem
2133 2308 2220 2363 qu
2235 2308 2266 2349 o
2284 2308 2372 2364 qu
2386 2309 2415 2348 e
2458 2307 2772 2349 sermonem
2801 2291 2980 2349 nolite
3147 2366 3149 2369 Α

737 2382 806 2441 de
850 2400 947 2441 ore
989 2386 1174 2440 vestro
1208 2379 1596 2455 producere&-
1687 2378 1823 2437 Iam
1865 2378 2018 2437 enim
2062 2378 2483 2452 advesperascit
2523 2379 2646 2437 dies
2701 2378 2977 2449 seculi,
3013 2396 3065 2435 20
3147 2370 3149 2423 ἶ

738 2475 806 2530 et
862 2470 1436 2546 appropinquat
1496 2473 1778 2541 tempus
1830 2468 2323 2527 tenebrarum.
2416 2467 2744 2542 Ideoque
2801 2468 2980 2527 nolite

738 2577 853 2619 esse
896 2560 1090 2629 ociosi,
1137 2559 1235 2618 sed
1268 2558 1470 2633 potius
1513 2556 1838 2632 operamini
1879 2544 2063 2630 opus¹1
2101 2557 2325 2628 bonum,
2369 2561 2435 2615 ut
2468 2554 2732 2615 Christus
2761 2557 2981 2615 habitet

736 2650 801 2707 in
845 2648 1022 2718 vobis,
1068 2653 1122 2706 et
1166 2648 1608 2723 quodcumque
1651 2646 1860 2703 facitis
1906 2646 1974 2703 in
2002 2646 2194 2703 verbo
2226 2650 2340 2704 aut
2367 2647 2435 2703 in
2467 2663 2671 2721 opere,
2706 2664 2741 2703 o
2759 2647 2978 2703 mnia

738 2740 806 2795 in
852 2739 1109 2796 nomine
1156 2737 1394 2796 domini
1438 2736 1642 2793 nostri
1677 2735 1825 2793 Iesu
1855 2734 2106 2803 Christi,
2154 2736 2388 2811 gratias
2435 2739 2698 2810 agentes
2728 2736 2865 2792 Deo
2910 2740 2978 2793 et

738 2828 909 2885 Patri
977 2844 1088 2903 per
1154 2828 1385 2902 ipsum,
1454 2828 1780 2898 respuentes
1844 2823 2185 2898 qentilitatis
2251 2828 2481 2893 sectam,
2549 2824 2806 2893 seientes,
2875 2840 2977 2882 vos
3009 2839 3063 2878 25

738 2914 1055 2974 Dominum
1128 2914 1332 2973 habere
1404 2914 1469 2973 in
1543 2913 1732 2971 caelis.
1878 2912 2148 2971 Orationi
2220 2912 2498 2971 instantes
2511 2958 2530 2981 ,
2622 2912 2700 2971 ad
2785 2913 2978 2999 ipsum

616 3021 637 3044 ·
738 3002 1134 3063 Dominum
1180 3021 1279 3061 cor
1322 3003 1541 3076 eriqite,
1603 3002 1903 3077 quoniam
1949 3019 2218 3077 magnus
2265 3005 2364 3059 est
2408 3002 2704 3059 dominus
2750 3002 2924 3059 Deus
2942 3002 2960 3031 ¹

483 4061 716 4153 Willibsald.

554 4126 588 4155 0.
640 4142 652 4154 0

740 3097 955 3151 noster
999 3097 1065 3151 et
1107 3093 1441 3150 laudabilis
1489 3092 1678 3148 nimis
1725 3094 1790 3148 et
1834 3091 2126 3148 terribilis
2159 3108 2348 3165 super
2379 3108 2598 3148 omnes
2631 3092 2816 3159 deos3
2868 3092 2976 3165 qui

739 3184 878 3240 vult
924 3199 1141 3239 omnes
1190 3182 1476 3238 homines
1524 3180 1732 3237 salvos
1778 3179 1914 3237 fieri
1975 3182 2040 3236 et
2086 3180 2182 3236 ad
2239 3180 2629 3255 agnitionem
2687 3181 2974 3237 veritatis

738 3272 1082 3346 pervenire.
1192 3270 1323 3327 Hoc
1380 3268 1535 3327 etia
1548 3286 1607 3326 m
1665 3286 2000 3337 commoneO,
2061 3269 2303 3338 fratres,
2359 3272 2442 3337 ut,
2504 3268 2836 3342 quicumque
2903 3286 2978 3326 ex
3011 3285 3060 3323 ³0

738 3360 896 3419 vobis
937 3359 1183 3418 voluerit
1228 3358 1305 3417 ad
1354 3355 1646 3417 Christum
1690 3356 1963 3425 converti,
2008 3357 2164 3416 nullo
2217 3356 2380 3415 modo
2441 3374 2565 3415 eum
2614 3356 2978 3430 prohibeatis

738 3438 953 3523 nequek
1002 3449 1121 3507 vim
1166 3448 1219 3506 ei
1266 3447 1506 3518 faciatis
1550 3446 1846 3519 sculptilia
1890 3445 2156 3504 adorare.
2248 3445 2634 3504 Ministrum
2692 3464 2978 3519 quoque

738 3543 791 3597 et
837 3555 1106 3597 conservu
1119 3555 1177 3595 m
1220 3536 1285 3595 in
1320 3534 1596 3605 Domin0,
1642 3552 1804 3609 quem
1846 3534 1983 3593 misi
2027 3533 2105 3592 ad
2147 3552 2266 3603 vos,
2303 3534 2678 3604 Bonifatium
2723 3535 2978 3604 fratrem

739 3645 806 3685 ac
865 3614 1282 3701 coepiscopuml
1340 3642 1545 3693 meum,
1607 3623 1685 3682 ad
1728 3624 1831 3683 hoc
1873 3622 2084 3697 ipsum,
2129 3627 2194 3681 ut
2238 3627 2550 3698 coqnoscat,
2613 3641 2756 3697 quae
2819 3624 2978 3681 circa

736 3733 837 3774 vos
879 3720 1031 3785 sunt,
1078 3720 1132 3773 et
1177 3714 1491 3773 consoletur
1537 3712 1712 3772 corda
1755 3716 1947 3770 vestra
2005 3730 2130 3769 cum
2189 3712 2607 3771 exhortationis
2662 3712 2853 3780 verbo,
2913 3712 2977 3769 in
3012 3728 3058 3768 35

743 3802 971 3863 Christo
1016 3803 1151 3863 Iesu
1194 3803 1421 3862 domino
1464 3807 1660 3861 nostro
1705 3818 1734 3859 s
1747 3819 1786 3859 u
1800 3818 1830 3858 s
1844 3800 2111 3874 cipite,
2170 3805 2234 3858 ut
2293 3800 2379 3859 am
2424 3800 2710 3859 diabolica
2765 3800 2977 3870 fraude

740 3892 970 3952 liberati
1014 3892 1349 3951 mereamini
1392 3890 1720 3964 adoptionis
1763 3888 1907 3961 filiis
1950 3889 2253 3964 aqqreqari
2267 3880 2316 3947 *.

954 3971 1106 4057 (22).
1198 3975 1619 4038 Tantarum11
1672 3974 1907 4055 itaque
1967 3973 2326 4037 literarum
2373 3973 2790 4037 auctoritate
2837 3974 2974 4036 suf-

741 4066 984 4142 fultam,
1025 4074 1415 4128 sanctus
1462 4069 1786 4143 presul
1831 4067 2381 4126 Bonifatius
2428 4067 2974 4143 proficisci·

965 4202 1019 4272 *)
1059 4204 1115 4255 et
1150 4200 1208 4253 in
1245 4203 1557 4253 sanctorum
1595 4203 1742 4253 sorte
1779 4198 2163 4253 connumerari
2199 4200 2324 4254 add.
2362 4202 2438 4254 2e.
3007 4217 3056 4255 4ο

952 4345 1053 4385 VII.
1112 4345 1247 4393 Capp.
1276 4344 1341 4383 21.
1370 4344 1437 4387 22.
1492 4344 1533 4386 1.
1556 4342 1728 4385 2a.b.c.

738 4417 781 4469 a)
812 4418 857 4455 in
884 4427 1022 4465 marn.
1052 4416 1195 4463 suppl.
1226 4414 1295 4453 2a.
1430 4412 1477 4464 b)
1514 4414 1577 4452 ita
1607 4415 1654 4463 13
1693 4413 1802 4452 tacti
1830 4412 1926 4453 rell.
2065 4412 2106 4465 c)
2143 4414 2207 4452 ita
2235 4414 2283 4463 13
2322 4412 2446 4451 Deus
2473 4412 2568 4451 rell.
2707 4409 2753 4463 d)
2790 4422 2874 4451 om.
2905 4410 2970 4450 2b.
3145 4384 3149 4449 ι

740 4470 782 4521 e)
810 4472 873 4509 ita
900 4472 949 4521 13
978 4471 1026 4508 in
1053 4469 1156 4508 add.
1185 4469 1282 4507 rell.
1418 4468 1453 4517 f)
1482 4467 1764 4506 ambulantes
1791 4467 1856 4507 2b.
1996 4466 2038 4517 g)
2066 4467 2132 4505 ita
2160 4468 2182 4505 1
2211 4466 2307 4512 (sod
2333 4464 2500 4505 ducere
2529 4466 2573 4503 tn
2599 4468 2740 4515 ras.),·
2769 4464 2973 4513 proferre

738 4524 834 4563 rell.
962 4523 1009 4573 h)
1037 4523 1085 4561 in
1111 4532 1205 4561 ras.
1236 4524 1273 4561 1.
1413 4520 1446 4571 i)
1474 4531 1559 4560 om.
1591 4520 1716 4559 2a.b.
1735 4531 1772 4558 c.
1907 4519 1956 4567 k)
1983 4521 2047 4558 ita
2073 4520 2123 4571 13
2152 4530 2235 4559 nec
2261 4520 2357 4560 rell.
2495 4518 2528 4570 l)
2559 4529 2596 4557 :e
2615 4516 2621 4570 1
2638 4519 2850 4568 coepisc„
2879 4529 2970 4557 ras.

738 4588 791 4617 eo
820 4578 888 4615 2a.
998 4574 1062 4627 m)
1090 4573 1220 4625 ad(?)
1248 4574 1318 4623 2α,
1347 4584 1461 4612 corr.
1572 4574 1620 4625 n)
1648 4574 1842 4612 Tantum
1873 4574 1940 4623 2a,
1967 4584 2081 4614 corr.
3005 4571 3052 4613 45
