3167 5192
1158 522 1619 579 PRAEFATIO.
2337 522 2507 579 LVII

257 705 504 785 fatium
573 707 988 789 transtulerit,
1059 709 1325 788 finyens,
1397 728 1536 772 eum
1592 713 1840 788 petente
1892 708 2043 770 duce
2096 706 2506 770 Francorum

256 795 339 859 in
399 797 671 860 secundo
728 795 957 861 itinere
1009 796 1302 861 Romano
1361 818 1404 859 a
1459 817 1642 877 papa
1701 793 2237 878 archiepiscopum
2303 816 2505 859 conse-

260 891 515 948 cratum
561 906 690 949 esse
737 881 808 964 (c.
852 883 933 968 5),
991 905 1129 950 cum
1162 884 1440 966 pallium
1486 885 1679 948 multo
1713 890 1861 966 post
1902 891 2127 948 nactus
2171 883 2258 948 sit
2301 891 2501 964 atque,

257 973 383 1037 etsi
445 973 674 1038 iterum
721 973 963 1038 Romae
1027 979 1443 1039 commoratus
1501 973 1810 1054 diynitate
1854 971 2195 1054 episcopali
2241 979 2505 1036 ornatus

183 1087 216 1126 5
259 1069 370 1142 est,
423 1063 676 1126 Karolo
721 1069 930 1127 tamen
975 1069 1228 1127 auctore
1264 1084 1340 1126 ea
1381 1061 1510 1142 ipsi
1553 1061 1817 1126 minime
1855 1061 2203 1142 contiyerit.
2284 1063 2505 1141 Neque

257 1171 428 1232 quas
487 1149 627 1215 dixi
683 1151 834 1216 vitis
892 1151 1256 1216 accuratius
1313 1173 1468 1215 usus
1527 1157 1633 1231 est,
1706 1171 1843 1214 cum
1901 1150 2025 1214 iter
2083 1150 2504 1214 Fresonicum

243 1239 539 1320 primum
588 1239 844 1305 omnino
885 1239 1134 1305 silentio
1169 1239 1679 1321 praetermiserit
1714 1246 1898 1320 atque
1936 1239 2219 1303 ordinem
2254 1245 2503 1320 pertur-

260 1328 526 1409 baverit,
575 1329 698 1393 iter
726 1329 1090 1394 Romanum
1123 1328 1410 1412 primum
1443 1334 1594 1410 post
1628 1335 1865 1410 tempus
1911 1349 2050 1392 cum
2095 1325 2501 1392 VVitlibrordo

259 1423 474 1481 actum
522 1419 830 1483 collocans
876 1415 948 1500 (c.
985 1413 1066 1502 4),
1115 1438 1312 1498 neque
1357 1423 1518 1482 recte
1563 1417 1857 1482 statuerit
1886 1418 2073 1481 Lutto
2106 1424 2255 1498 post
2292 1417 2501 1497 ipsum

158 1533 218 1572 ιο
275 1503 677 1571 Willibrordi
737 1507 970 1572 obitum
1028 1503 1111 1590 (a.
1149 1502 1314 1590 4739)
1378 1505 1799 1588 episcopatum
1860 1505 2316 1587 Moyuntinum
2375 1511 2500 1568 tra-

259 1595 504 1659 didisse
548 1595 958 1675 Bonifatium
1029 1591 1101 1678 (c.
1152 1591 1233 1678 7),
1305 1595 1415 1677 qui
1483 1594 1542 1660 ei
1603 1601 1731 1659 tum
1770 1593 2175 1678 praepositus
2220 1596 2500 1658 nondum

260 1690 419 1748 erat.
518 1684 698 1749 Vitae
728 1686 1043 1750 nonnulla
1085 1705 1324 1766 quoque
1367 1683 1593 1748 insunt
1636 1686 1716 1748 ab
1761 1684 1899 1765 ipso
1945 1689 2198 1748 auctore
2244 1683 2500 1747 omnino

257 1772 635 1854 eoecoyitata,
703 1773 896 1838 vetuti
961 1775 1154 1839 verba
1222 1796 1264 1838 a
1332 1773 1522 1838 sociis
1591 1779 1738 1837 ante
1781 1771 2165 1854 martyrium
2213 1773 2495 1853 prolata.

269 1860 433 1926 Cum
495 1861 706 1926 Vitam
764 1861 1066 1944 Greyorii
1134 1862 1425 1927 citaverit
1489 1863 1568 1926 ab
1638 1861 1925 1944 episcopo
1993 1861 2085 1924 M
2080 1860 2501 1925 onasteriensi

153 1978 218 2018 15
258 1951 684 2032 compositam,
720 1951 1166 2016 Henschenius
1185 1951 1208 1990 1
1251 1951 1461 2032 ipsum
1493 1951 1586 2014 M
1581 1949 2071 2015 onasteriensem
2115 1949 2317 2029 fuisse
2362 1970 2499 2014 con-

257 2039 410 2104 iecit
455 2045 676 2104 tem‘ere
695 2042 736 2104 ².
839 2039 1118 2105 Traiecti
1162 2061 1301 2104 eum
1333 2039 1552 2121 potius
1605 2039 1846 2120 deyisse
1906 2037 2297 2123 crediderim,
2362 2060 2500 2102 cum

257 2149 394 2192 non
470 2129 667 2192 sotum
743 2150 775 2194 e
847 2129 1132 2208 fontibus
1206 2128 1512 2193 adhibitis
1587 2128 2016 2192 Traiectenses
2090 2129 2179 2192 ad
2251 2134 2501 2191 sanctos

257 2223 540 2300 spectent
582 2217 763 2282 Vitae
807 2216 1206 2282 Wllibrordi
1239 2223 1298 2282 et
1335 2216 1654 2299 Greyorii,
1705 2218 1783 2281 ab
1816 2223 2067 2282 auctore
2105 2215 2499 2293 Traiectensi

273 2305 428 2370 Vita
475 2307 579 2369 II.
627 2306 963 2386 Bonifatii
1008 2305 1347 2387 composita
1399 2305 1499 2387 sit,
1561 2305 1842 2387 episeopo
1898 2304 2289 2370 Traiectensi
2349 2305 2499 2369 Vita

155 2425 220 2462 πο
257 2394 541 2458 Lebuini
587 2395 894 2475 dedicata,
943 2397 1055 2460 sed
1098 2395 1286 2459 etiam
1332 2395 1610 2459 eiusdem
1646 2394 1827 2459 urbis
1873 2401 2093 2459 auctor
2138 2415 2269 2458 non
2314 2395 2500 2457 semel

256 2483 623 2548 meminerit
655 2481 759 2564 (cf.
795 2506 844 2549 c.
881 2491 941 2546 3.
980 2491 1038 2547 7.
1073 2491 1134 2548 8.
1175 2480 1295 2567 13),
1343 2483 1440 2548 ita
1470 2490 1541 2548 ut
1578 2483 1860 2548 Traiecti
1887 2489 2201 2564 martyres
2231 2483 2499 2563 sepultos

257 2593 392 2636 esse
439 2573 809 2638 narraverit
853 2571 923 2654 (c.
965 2568 1086 2657 13),
1142 2594 1272 2638 non
1318 2574 1578 2654 addens,
1627 2571 2039 2650 Bonifatium
2086 2572 2178 2634 M
2173 2571 2499 2652 oyuntiam

257 2661 664 2742 Fuldamque
709 2663 1091 2727 translatum
1135 2683 1265 2727 esse
1283 2663 1327 2724 3.

474 2751 628 2815 Hac
678 2750 829 2816 Vita
871 2750 1204 2830 Bonifatii
1251 2758 1470 2816 auctor
1525 2749 1815 2830 Gataloyi
1862 2749 2291 2832 episcoporum
2342 2750 2497 2813 Tra·

157 2867 220 2908 25
255 2838 628 2904 iectensium
669 2837 855 2919 (saec.
894 2839 1110 2922 XIV)
1130 2841 1156 2878 ⁴
1203 2846 1262 2904 et
1295 2841 1625 2904 Iohannes
1672 2840 1747 2903 de
1782 2838 1967 2903 Belca
2010 2838 2086 2902 in
2132 2836 2453 2903 Chronico
2474 2837 2499 2876 ⁵

255 2929 363 2992 usi
400 2936 566 3009 sunt,
602 2929 802 3010 plura
841 2928 1167 2994 Iohannes
1203 2931 1277 2993 de
1313 2927 1554 3010 Leydis
1591 2924 1761 3010 (III,
1796 2935 1852 2990 1.
1893 2935 1952 2991 2.
1995 2935 2053 2991 9.
2101 2933 2201 2991 10.
2250 2933 2347 2992 15.
2394 2933 2494 2989 16.

262 3025 292 3081 1
305 3016 368 3101 8)
405 3039 484 3082 ex
521 3021 734 3082 eadem
771 3017 1108 3100 descripsit
1123 3019 1173 3098 ⁶,·
1209 3020 1471 3082 eandem
1510 3017 1897 3082 Trithemius
1934 3016 2155 3099 leyisse
2191 3016 2438 3080 videtur
2454 3016 2495 3078 ⁷.

479 3123 581 3206 la)
625 3123 831 3189 Godecc
862 3123 1400 3190 Parisiensis
1443 3146 1509 3188 n.
1550 3129 1763 3187 10870
1806 3119 2048 3206 (Suppl.
2082 3123 2191 3187 tat.
2228 3127 2375 3202 544,
2411 3116 2493 3205 2),

253 3234 417 3278 saec.
471 3209 658 3281 XII!
669 3213 891 3295 XIII,
940 3212 1089 3278 olim
1134 3212 1649 3294 Epternacensis,
1698 3213 1808 3292 fol.
1860 3211 2173 3276 38‘—43.

481 3321 578 3400 lb)
618 3319 826 3386 Codex
853 3319 1445 3384 Bruoeellensis
1491 3342 1556 3384 n.
1593 3325 1785 3399 8059,
1828 3340 1989 3384 saec.
2028 3317 2184 3382 XV.
2234 3317 2497 3398 rescrip-

258 3415 359 3474 tus
377 3410 420 3490 ⁸,
495 3408 642 3472 olim
711 3405 844 3492 (fol.
917 3403 1074 3492 214)
1145 3409 1323 3474 liber
1391 3409 1789 3473 monasterii
1859 3409 2082 3472 sancti
2151 3406 2353 3470 Pauli
2420 3408 2495 3470 in

256 3499 594 3576 TraiecbO,
645 3498 869 3562 deinde
904 3497 1106 3562 musei
1140 3496 1572 3561 Bollandiani
1610 3497 1687 3561 P.
1722 3497 1855 3560 Ms.
1891 3501 1993 3576 22,
2043 3495 2150 3574 fol.
2188 3494 2492 3557 46—48‘.

257 3689 321 3739 de
344 3691 555 3742 nomine
580 3689 855 3754 Bonifatii
877 3689 960 3758 (ut
984 3687 1206 3756 quidam
1230 3688 1444 3758 volunt)
1478 3696 1526 3740 et
1548 3691 1611 3740 de
1634 3704 1854 3741 numero
1878 3690 2140 3740 sociorum
2174 3690 2256 3756 (ut
2291 3685 2493 3754 ferunt)

251 3761 506 3828 protulit,
542 3763 700 3828 quasi
734 3760 891 3824 fama
914 3777 976 3812 ea
1001 3763 1291 3826 accepisset,
1329 3765 1518 3811 auctor
1555 3759 1705 3812 Vitae
1738 3760 2015 3823 Bonifatii
2041 3761 2153 3811 sine
2184 3759 2301 3810 ulla
2336 3758 2494 3809 dubi-

163 3845 219 3887 36
256 3833 460 3884 tatione
496 3833 775 3884 enarravit
791 3848 815 3894 ,·
863 3848 993 3882 nam
1029 3833 1092 3883 de
1125 3831 1283 3883 rebus
1318 3847 1452 3898 quas
1490 3832 1683 3883 litteris
1719 3832 2005 3882 mandatas
2040 3836 2306 3896 acceperat
2342 3829 2495 3880 Huc-

257 3903 450 3954 baldus
487 3903 646 3954 aliter
683 3904 888 3955 locutus
929 3907 1003 3955 est
1039 3903 1135 3967 (cf.
1173 3919 1215 3956 o.
1254 3906 1304 3957 2.
1343 3901 1482 3954 sieut
1518 3901 1575 3954 in
1613 3933 1681 3940 —
1710 3933 1789 3970 ⁴—
1826 3899 2082 3970 Gregorii
2118 3917 2293 3969 papae
2330 3898 2496 3968 gestis

255 3972 520 4042 legimus;
565 3989 606 4028 o.
643 3975 695 4028 8.
733 3973 872 4025 siout
909 3971 978 4026 de
1015 3989 1080 4026 eo
1116 3972 1335 4042 legitur,
1372 3975 1482 4028 scil.
1521 3977 1580 4026 in
1620 3973 1814 4028 Chi-on.
1851 3973 2147 4032 Lauriss.).
2265 3973 2316 4038 1)
2355 3972 2419 4025 L.
2456 3972 2492 4024 Ζ.

247 4061 312 4111 p.
349 4047 472 4100 454.
618 4047 672 4112 2)
723 4045 793 4096 Id
841 4045 982 4110 quod
1028 4047 1139 4096 iam
1182 4044 1446 4111 Rettber9‚
1489 4045 1633 4098 (ΚΘ.
1672 4043 2087 4095 Deutschlands’
2124 4043 2171 4108 I,
2209 4045 2314 4097 333
2363 4047 2494 4094 recte

255 4121 556 4167 monuerat.
673 4116 728 4180 3)
763 4117 1012 4167 Attamen
1048 4118 1187 4168 inter
1223 4117 1351 4180 loca,
1391 4115 1583 4183 quibus
1619 4115 1868 4180 beneficia
1898 4133 1999 4182 per
2034 4122 2303 4180 martyres
2330 4127 2493 4180 prae-

163 4202 220 4241 40
256 4193 552 4250 starentur,
607 4187 844 4238 Fuldam
897 4189 1239 4250 enumeravit,
1294 4187 1612 4239 Radbodum
1666 4188 1728 4253 (o.
1771 4188 1859 4254 17)
1912 4192 2133 4240 secutus.
2278 4185 2335 4251 4)
2386 4183 2491 4237 Ed.

256 4257 470 4324 Mulier,
507 4257 826 4324 ‘Bijdrayen
859 4274 923 4310 en
949 4258 1384 4324 Mededeelinyen'
1411 4257 1516 4324 XI,
1547 4260 1703 4323 1888,
1734 4276 1792 4324 p.
1818 4260 1941 4313 487.
2051 4259 2105 4323 5)
2149 4257 2254 4307 Ed.
2291 4254 2495 4306 Buche-

260 4330 368 4380 lius
397 4347 456 4397 p.
485 4331 554 4383 14
570 4345 679 4396 sqq.
826 4331 880 4396 6)
938 4329 1040 4383 Ed.
1092 4329 1375 4381 Sweertius
1411 4331 1444 4383 Ζ.
1487 4330 1520 4383 Ζ.
1561 4346 1622 4395 p.
1648 4331 1881 4396 388qq.,·
1931 4331 2000 4392 cf.
2038 4343 2209 4394 supra
2251 4343 2309 4393 p,
2342 4326 2492 4393 LIV,

256 4417 312 4453 n.
338 4403 389 4454 6.
452 4399 722 4452 Iohannes
745 4401 911 4452 codice
934 4415 1068 4451 usus
1097 4405 1188 4464 est,
1226 4403 1320 4466 qui
1351 4401 1663 4468 plerumque
1698 4415 1816 4450 cum
1851 4405 2033 4452 nostro
2060 4397 2125 4452 lb
2147 4397 2493 4463 conveniebat,

259 4473 356 4523 etsi
390 4475 550 4523 etiam
588 4473 826 4524 lectiones
861 4473 1052 4522 classis
1086 4474 1121 4525 2
1158 4474 1388 4525 inerant.
1537 4470 1591 4539 7)
1642 4472 1723 4523 De
1764 4471 1901 4522 viris
1942 4469 2248 4520 illustribus
2285 4469 2495 4521 mainis

160 4557 219 4597 45
260 4543 314 4600 S,
342 4543 616 4594 Benedicti
638 4543 750 4608 III,
778 4545 895 4597 174.
927 4544 1030 4598 185
1064 4543 1268 4608 (Opera
1299 4543 1376 4596 ed.
1405 4543 1667 4607 Busaeus,
1708 4543 1861 4607 1605,
1899 4559 1953 4608 p.
1981 4542 2051 4595 94
2068 4544 2196 4606 sq.)‚·
2232 4543 2299 4605 ef.
2333 4540 2492 4603 infra

253 4631 310 4682 p.
335 4616 425 4680 88,
465 4616 514 4668 7.
555 4616 638 4668 17.
782 4615 838 4681 8)
884 4613 969 4677 Cf.
1007 4629 1181 4680 supra
1211 4631 1267 4681 p.
1294 4612 1488 4668 XXII.
