3167 5192
663 458 778 513 xx
1552 454 2014 511 PRAEFATm.
2077 428 2087 437 “

881 636 984 721 2b)
1039 638 1248 705 Codex
1292 636 1959 704 Vindobonensis
2010 657 2074 701 n,
2127 640 2254 701 474
2312 631 2524 712 (Hist.
2570 634 2715 701 eccl.
2764 634 2899 715 99),

655 750 830 795 saec.
883 728 1017 809 XI,
1077 727 1190 807 fol.
1244 731 1613 791 179—210.
1706 724 1920 790 Vitam
1938 726 1979 803 ¹,
2040 724 2152 804 fol.
2203 724 2600 788 210‘—211.
2658 722 2901 788 addita-

668 822 945 881 mentum
1010 815 1174 881 idem
1245 816 1411 896 quod
1477 820 1582 879 2a.
1630 812 1697 878 a*
1766 812 2027 879 exhibet.
2141 812 2287 877 Fol.
2349 819 2405 875 1.
2474 810 2551 876 in
2614 810 2903 893 maryine

669 903 993 986 superiore
1037 924 1198 969 saec.
1252 903 1326 968 X
1338 902 1456 969 VI.
1503 903 1876 967 adnotatum
1920 906 2045 967 est:
2089 901 2300 966 Hunc
2346 900 2603 965 librum
2649 899 2904 984 legavit

671 994 952 1058 domina
997 993 1306 1057 Barbara,
1341 990 1886 1076 Staynhauserin
1932 990 2145 1054 vidua.
2189 1010 2272 1055 zu
2310 989 2481 1053 Lam
2500 990 2544 1065 ²,
2591 1008 2907 1069 manuque
2942 1011 2971 1053 s

670 1080 809 1145 alia
867 1079 1120 1163 siynum
1181 1079 1609 1161 adscriptum:
1666 1079 1853 1143 Hist.
1901 1078 2054 1143 Lat.
2103 1079 2233 1142 Ms.
2288 1078 2377 1141 N.
2429 1082 2531 1156 15,
2597 1077 2767 1158 quod
2822 1077 2911 1141 ad

673 1188 865 1249 quam
907 1167 1342 1234 bibliothecam
1375 1166 1769 1252 pertinuerit
1812 1166 2039 1231 nescio.

892 1255 1253 1321 Sententiae
1297 1255 1467 1337 illae,
1523 1276 1683 1338 quae
1728 1254 1803 1320 in
1848 1254 2163 1321 codicibus
2210 1258 2315 1319 2a.
2348 1253 2434 1319 αἱ
2469 1254 2504 1319 b
2550 1251 2765 1318 Vitam
2811 1273 2910 1317 ex·

674 1342 937 1425 cipiunt,
1003 1364 1263 1408 numero
1319 1342 1721 1426 undeviyinti
1778 1365 1811 1408 e
1868 1342 2075 1408 codice
2134 1340 2317 1408 Vitae
2375 1342 2586 1407 eodem
2644 1341 2913 1406 haustae

674 1438 840 1512 sunt,
889 1452 922 1495 e
979 1451 1100 1513 quo
1159 1430 1364 1513 ipsius
1422 1431 1607 1498 Vitae
1664 1438 1867 1497 textus
1912 1429 2223 1514 originem
2268 1429 2453 1495 duxit
2468 1430 2511 1493 ³.
2606 1428 2913 1494 Partiun-
2950 1453 3009 1493 ιο

675 1520 853 1585 culae
897 1518 1243 1601 exscriptae
1288 1526 1452 1601 sunt,
1498 1526 1570 1585 ut
1612 1519 1685 1585 in
1730 1519 1834 1585 die
1877 1519 2036 1598 festo
2066 1518 2275 1585 sancti
2305 1518 2760 1600 proferrentur
2792 1513 2911 1597 (cf.

677 1629 741 1672 n.
796 1612 904 1672 17:
969 1609 1162 1672 cuius
1217 1609 1424 1673 hodie
1481 1610 1667 1674 festa.
1726 1607 2185 1689 celebramus)
2200 1628 2226 1687 ,·
2293 1605 2625 1687 dispositio
2683 1612 2909 1686 autem,

676 1702 962 1760 monente
1005 1696 1214 1760 Paulo
1257 1697 1333 1761 de
1392 1696 1779 1775 Winterfeld
1824 1695 2011 1777 socie,
2059 1716 2190 1760 non
2234 1694 2569 1761 dissimilis
2614 1700 2706 1759 est
2749 1694 2915 1758 anti-

667 1782 1001 1866 phonarii,
1043 1782 1158 1847 asi
1188 1785 1261 1848 ob
1291 1786 1659 1849 vocabulum
1703 1785 1866 1849 libri
1914 1780 2006 1865 (n.
2046 1784 2107 1865 1)
2154 1790 2470 1849 servatum
2501 1784 2578 1848 de
2607 1781 2915 1847 eiusmodi

678 1871 926 1954 oriyine
957 1870 1233 1953 coyitare
1260 1870 1369 1935 vix
1399 1871 1556 1939 licet.
1611 1873 1894 1937 Easdem
1914 1872 2156 1954 publici
2184 1871 2354 1937 iuris
2374 1870 2529 1951 fecit
2548 1871 2635 1935 A.
2663 1872 2742 1935 N
2742 1875 2789 1935 ii
2797 1891 2914 1935 rn-
2956 1894 3009 1933 ιε

677 1960 802 2023 ber
807 1981 850 2042 9
862 1980 958 2039 er,
990 1957 1319 2024 Anecdota
1347 1958 1789 2040 Bonifatiana
1820 1959 1981 2042 (226.
2013 1959 2283 2026 Bericht
2309 1962 2424 2025 der
2451 1958 2916 2038 wissenschaft-

677 2047 884 2112 lichen
956 2046 1377 2125 G-esellschaft
1439 2048 1867 2114 Philomathie
1928 2048 2005 2114 in
2066 2046 2363 2131 Neisse'),
2431 2048 2669 2114 Nissae
2722 2053 2911 2127 1892,
3141 2090 3144 2135 1

893 2220 1026 2307 2b1)
1084 2222 1291 2289 Codex
1345 2222 2053 2308 Guelferbytanus
2096 2247 2161 2291 n.
2197 2230 2368 2289 4099
2419 2223 2915 2306 (Weissenbury

679 2334 744 2375 n.
798 2311 935 2393 15),
983 2311 1135 2376 olim
1182 2312 1415 2377 Codex
1461 2315 1860 2378 monasterii
1904 2319 2299 2381 sanctorum
2343 2314 2537 2380 Petri
2591 2315 2662 2379 et
2706 2313 2911 2377 Pauli
2952 2336 3012 2376 ιο
3139 2250 3148 2623 1

681 2401 1150 2485 apostolorum
1223 2402 1297 2464 in
1369 2401 1841 2485 wissenburg,
1925 2402 2169 2467 exhibet
2240 2402 2670 2484 fraymentum
2744 2422 2795 2465 c.
2868 2406 2905 2463 6

679 2488 768 2572 (p.
819 2495 920 2570 30,
956 2494 1095 2551 7-
1114 2494 1219 2569 34,
1273 2488 1334 2569 1)
1351 2510 1372 2553 .·
1444 2484 1903 2573 [apo]s†‚01icae
1961 2494 2104 2555 tam
2176 2491 2308 2555 sibi
2376 2524 2463 2534 —-·
2531 2489 2907 2575 apostolico

679 2578 1014 2655 manibuS,
1061 2598 1222 2643 saec.
1260 2577 1350 2642 X.
1388 2583 1741 2657 exaratum,
1780 2578 1947 2658 quod
1977 2578 2205 2657 folium
2226 2581 2596 2660 praefixum
2630 2584 2905 2659 occupat.
3145 2626 3148 2651 2

677 2666 822 2732 Hoc
866 2665 1091 2731 ordine
1135 2666 1386 2731 inverso
1429 2665 1739 2730 insertum
1783 2671 1891 2745 est,
1950 2664 2047 2730 ita
2107 2673 2179 2732 ut
2220 2666 2477 2750 paqina
2528 2664 2603 2731 1‘.
2652 2672 2798 2732 ante
2850 2672 2907 2729 1.

680 2755 1048 2821 collocanda
1090 2754 1192 2835 sit,
1253 2760 1571 2834 textusque
1617 2752 1887 2836 paqinis
1931 2752 2252 2834 bipartitis
2294 2761 2597 2820 exaratus
2641 2752 2912 2819 abscisis
2950 2776 3011 2816 25
3143 2672 3148 2855 4

679 2843 972 2924 maryine
1015 2842 1327 2921 inferiore
1370 2842 1721 2922 intimaque
1764 2840 1915 2920 folii
1945 2848 2139 2924 parte
2182 2849 2276 2908 ter
2318 2843 2476 2908 hiat.
3143 2858 3148 2925 4

896 2928 1026 3011 2b2)
1075 2929 1283 2995 Codex
1325 2929 1912 2995 Einsidlensis
1957 2952 2021 2995 n.
2058 2937 2205 3011 370,
2252 2952 2413 2997 saec.
2450 2931 2539 3011 X,
2585 2931 2697 3011 fol.
2733 2935 2912 2995 21-

683 3016 810 3099 21’,
857 3018 1125 3082 alterum
1169 3017 1599 3100 fraymentum
1642 3039 1693 3083 c.
1744 3024 1781 3081 6
1832 3017 1915 3099 (p.
1967 3024 2071 3098 34,
2116 3025 2156 3083 4
2180 3054 2267 3061 —
2292 3025 2394 3100 35,
2445 3019 2554 3099 22)
2602 3018 2912 3086 continet:

684 3110 765 3169 uis
811 3126 934 3191 per
980 3107 1343 3170 maximam
1389 3141 1479 3149 —
1526 3108 2023 3172 considerando
2070 3108 2315 3172 circuit
2358 3104 2743 3191 ee[clesias].

896 3190 993 3279 2c)
1036 3193 1242 3259 Codex
1280 3194 1815 3259 Treverensis
1846 3194 2244 3259 bibliothecae
2272 3196 2559 3261 urbanae
2590 3196 2728 3262 Cat.
2758 3218 2910 3261 mss.
2950 3220 3013 3259 so

680 3304 743 3347 n.
798 3287 986 3363 1151,
1045 3283 1244 3347 Num.
1290 3283 1440 3348 Loc.
1491 3287 1641 3364 454,
1704 3288 1897 3348 antea
1941 3305 2005 3347 n.
2058 3290 2204 3364 963,
2266 3304 2426 3349 saec.
2478 3283 2697 3365 XIII,
2759 3284 2913 3350 olim

678 3370 966 3436 volumen
1013 3370 1264 3437 tertium
1309 3370 1666 3452 leyendarii
1694 3370 1917 3453 mayni
1950 3371 2017 3437 S.
2050 3370 2413 3436 Maximini
2428 3373 2473 3454 ⁴,
2520 3372 2635 3451 fol.
2674 3370 2909 3437 162‘—

685 3464 760 3523 17
768 3466 826 3523 3.
914 3458 1128 3524 Vitam
1157 3458 1491 3538 Bonifatii
1526 3458 2087 3525 Willibaldianam
2132 3459 2419 3541 continet,
2456 3463 2867 3541 praecedente
2886 3460 2913 3501 ⁵

677 3546 1090 3628 Moyuntina.
1182 3547 1293 3614 Ex
1333 3548 1450 3613 hoc
1496 3547 1659 3613 libro
1706 3548 2053 3630 descriptus
2096 3554 2188 3613 est

894 3630 1020 3719 2c*)
1077 3638 1267 3700 codex
1311 3636 1921 3705 Londiniensis
1976 3635 2179 3701 musei
2236 3635 2617 3702 Britannici
2662 3636 2914 3720 Harley
2952 3661 3013 3701 35

679 3744 744 3787 n.
796 3728 987 3804 3597,
1050 3745 1110 3787 a.
1165 3728 1355 3787 1475.
1417 3732 1737 3806 exaratus,
1798 3724 1948 3789 olim
1994 3727 2207 3790 codex
2254 3727 2652 3791 monasterii
2710 3726 2911 3791 beate

678 3812 898 3876 Marie
957 3812 1046 3875 ad
1093 3813 1413 3878 Marssires
1473 3835 1685 3899 prope
1738 3814 2081 3879 Treverim
2142 3833 2349 3896 super
2404 3814 2573 3877 liius
2626 3814 2913 3879 Moselle

679 3898 816 3978 (fol.
870 3898 952 3980 1),
1005 3900 1107 3964 cui
1151 3900 1299 3965 item
1341 3908 1481 3982 post
1527 3902 1740 3966 Vitam
1785 3900 2291 3983 Moyuntinam⁵
2333 3900 2446 3980 fol.
2500 3900 2912 3965 127‘—143‘.

681 4127 735 4193 1)
777 4126 1048 4193 Specimen
1082 4128 1385 4194 scripturae
1420 4128 1562 4179 dedit
1585 4125 1764 4194 Pertz,
1801 4127 1896 4181 SS.
1925 4127 2005 4193 II,
2042 4128 2149 4183 tab.
2175 4127 2215 4177 I
2244 4127 2344 4193 (ad
2370 4144 2431 4193 p·
2457 4130 2532 4188 5).
2677 4130 2732 4195 2)
2774 4126 2915 4177 Lam

683 4199 826 4248 vicus
861 4198 922 4249 in
957 4197 1203 4249 Bavaria
1240 4197 1509 4262 Inferiore
1545 4199 1875 4264 (Ἥρα-Δηώ
1898 4196 2202 4265 Kdtztiny’)
2236 4199 2381 4250 situs
2414 4204 2505 4253 est.
2646 4198 2704 4267 3)
2740 4198 2915 4249 Verba
2956 4208 3026 4249 40

679 4283 731 4321 n.
761 4269 808 4322 6.
849 4266 920 4320 ad
957 4267 1226 4335 optimum
1262 4272 1322 4320 in
1357 4270 1619 4322 codicibus
1648 4269 1803 4322 Vitae
1838 4274 1905 4335 (c.
1934 4272 1996 4336 1)
2032 4272 2104 4325 2a
2139 4277 2250 4337 (pr.
2278 4272 2391 4331 m.).
2418 4270 2449 4321 b
2486 4270 2749 4336 leguntur,
2786 4269 2915 4319 dum

677 4340 875 4405 reliqui
912 4338 1042 4390 libri
1072 4340 1337 4391 lectionem
1369 4343 1661 4407 yenuinam
1699 4339 2020 4408 adoptivum
2061 4341 2323 4396 exhibent.
2463 4340 2517 4411 4)
2556 4342 2640 4406 Cf.
2677 4338 2913 4405 Krusch,

677 4408 765 4463 (Ν.
804 4410 990 4464 ΑνοῙι.’
1028 4410 1256 4477 XVIII,
1295 4412 1415 4467 624.
1561 4412 1617 4481 5)
1661 4412 1720 4466 V.
1760 4413 1919 4477 infra
1946 4428 2006 4479 p.
2031 4412 2184 4471 LXI,
