3167 5192
113 1518 173 1557 10

115 1960 173 2003 15

125 2867 183 2908 85

132 4228 188 4267 40

460 508 703 565 VITAE
737 507 1145 566 BONIFATII
1179 509 1537 567 AUCTORE
1576 509 1882 567 OTLOHO
1922 511 2157 567 LIBER
2180 512 2228 569 Ι.
2361 517 2462 570 137

220 699 391 757 iecit.
510 697 693 771 Quo
768 699 1015 769 vis0,
1096 703 1401 759 sanctus
1477 701 1801 775 presul
1869 701 2002 760 Deo
2069 703 2306 777 gratias
2375 720 2463 759 re-

219 788 526 857 tulit,⁴
571 787 1151 864 piscemque²
1206 789 1606 847 allatum
1670 790 1860 848 cito
1919 778 2454 865 prepararib

220 878 315 935 iu
340 894 371 934 s
397 877 542 935 sit.
651 871 789 936 Illo
847 892 1009 937 vero
1070 876 1437 956 preparato
1505 876 1578 937 et
1638 893 1926 951 comes0,
1997 873 2323 957 reliquias
2390 875 2465 937 in

220 960 486 1028 flumen
530 960 748 1043 proici
800 961 1179 1045 precepit0.
1284 956 1596 1027 Exinde‘l
1649 965 1926 1046 ceptum
1985 982 2272 1046 carpens
2329 963 2466 1028 iter

222 1058 299 1113 et
358 1048 762 1133 Turingiam
830 1070 1229 1134 peragrans,
1302 1049 1677 1133 diligenter
1733 1051 2196 1135 investigavit,
2269 1052 2464 1116 cuius

219 1137 387 1203 ille⁰
450 1138 644 1203 locus
695 1142 897 1215 esset,
944 1138 1066 1203 ubi
1125 1132 1341 1203 visiof
1393 1142 1597 1202 tanta
1654 1139 1788 1203 sibi
1845 1141 2188 1224 apparuit.
2293 1139 2463 1205 Con-

220 1229 581 1311 pertoque,
644 1227 829 1310 quod
876 1226 1107 1310 Hugo,
1170 1228 1289 1310 qui
1349 1227 1712 1293 dicebatur
1771 1230 2015 1307 senior,
2075 1228 2267 1293 illius
2326 1229 2464 1294 loci

220 1336 573 1399 possessor
631 1320 830 1394 esset,
894 1316 1106 1399 peciit
1164 1316 1251 1381 ab
1313 1336 1414 1393 e0,
1480 1320 1559 1380 ut
1619 1317 1752 1381 sibi
1811 1317 1976 1383 dare
2038 1318 2460 1403 dignaretur.

218 1406 325 1469 At
381 1403 503 1470 ille
562 1406 787 1489 petita
854 1425 1185 1480 annuenS,
1256 1406 1517 1490 primus
1586 1406 1893 1471 omnium
1952 1406 2457 1491 Turingorumg

218 1495 681 1559 hereditatem
732 1514 927 1558 suam
970 1494 1262 1559 tradidit
1318 1488 1753 1559 venerandoh
1807 1495 2085 1578 presuli.
2191 1496 2469 1561 Deinde-

216 1602 387 1648 vero
417 1582 665 1647 Albolt
684 1582 708 1621 ¹
752 1583 1009 1666 aliique
1055 1581 1287 1668 plures
1335 1584 1667 1667 contigua
1698 1584 2007 1668 predicto
2038 1584 2191 1649 loco
2223 1585 2462 1669 predia

214 1671 684 1737 tradiderunt.
807 1672 939 1736 His
1013 1672 1231 1755 igitur
1299 1665 1603 1755 adeptis¹
1624 1723 1638 1749 ‚
1717 1675 1996 1737 sanctus
2066 1673 2460 1737 Bonifatius

216 1760 497 1826 rediens
542 1762 619 1825 in
664 1761 906 1827 eodem
952 1761 1105 1826 loco
1150 1762 1458 1827 frutecta
1511 1762 1854 1846 extirpare
1913 1765 2306 1845 terramque
2365 1763 2461 1826 in·

219 1849 451 1915 colere
510 1850 713 1914 iussit
774 1853 864 1928 et,
924 1850 1109 1915 iacto
1176 1850 1656 1928 fundamento,
1729 1850 2086 1937 ecclesiam
2156 1852 2462 1916 construi

216 1938 397 2004 fecit
414 1939 458 2001 2.
500 2022 503 2026 1
562 1938 757 2004 Haec
817 1942 1051 2004 autem
1110 1939 1185 2002 in
1242 1938 1421 2004 libro
1490 1939 1791 2023 quodam
1850 1941 2135 2023 antiquo
2205 1941 2465 2025 scripta

214 2029 571 2113 reperiens
590 2027 633 2105 3,
682 2028 839 2093 ideo
884 2028 1185 2094 inserere
1233 2028 1525 2107 decrevi,
1575 2032 1675 2106 ut,
1723 2030 1964 2113 agnita
2010 2050 2235 2107 causa,
2275 2029 2461 2094 unde

215 2117 716 2183 monasterium
765 2117 1153 2201 predictum
1201 2120 1675 2183 constructum
1705 2118 1940 2194 fuerit,
1975 2121 2047 2183 et
2089 2119 2238 2202 ipse
2269 2117 2462 2183 locus

218 2210 295 2271 et
356 2206 691 2271 fundator
751 2206 899 2271 eius
958 2206 1273 2289 angelica
1333 2206 1731 2272 visitatione
1746 2206 1774 2245 4
1829 2207 2025 2291 digni
2081 2207 2207 2271 sub
2263 2227 2463 2273 vene-

216 2296 494 2360 ratione
542 2296 786 2359 maiori
832 2294 1242 2360 habeantur.

438 2396 591 2484 (25).
683 2401 1057 2466 Predicans
1112 2422 1276 2485 ergo
1335 2404 1407 2466 et
1468 2401 1824 2486 baptizans
1885 2405 2165 2467 sanctus
2228 2401 2461 2486 presul

222 2490 623 2555 Bonifatius
698 2490 773 2553 in
848 2490 1313 2574 Turingorum
1389 2484 1503 2555 etk
1585 2490 1968 2556 Hessorum
2040 2490 2458 2573 regionibus,

220 2580 573 2664 perspexit
602 2600 892 2645 messem
922 2580 1200 2662 quidem
1245 2572 1423 2644 esse¹
1473 2578 1764 2642 multam
1810 2579 1929 2657 ibi,
1965 2581 2084 2645 sed
2116 2580 2461 2663 operarios

220 2689 480 2753 paucos
500 2668 525 2707 ⁵
570 2669 658 2732 ad
706 2668 1050 2753 copiosam
1098 2667 1616 2733 multitudinem
1653 2668 2082 2734 credentium
2122 2669 2462 2732 instruen-

222 2757 405 2822 dam.
514 2756 715 2822 Unde
778 2758 853 2821 in
918 2758 1341 2842 provinciam
1402 2757 1835 2841 patriamque
1895 2777 2090 2821 suam
2156 2757 2458 2834 mittens,

222 2846 471 2911 exinde
538 2850 686 2911 tam
744 2846 1039 2911 feminas
1099 2866 1303 2929 quam
1362 2846 1545 2911 viros
1615 2845 1970 2931 religiosos
2039 2845 2460 2928 scientiaque

218 2936 415 3000 varia
458 2935 763 3000 imbutos
807 2935 1041 3019 plures
1085 2934 1319 3000 venire
1364 2935 1538 3001 fecit
1556 2934 1581 2973 ⁶
1634 2936 1926 3018 suiquem
1973 2934 2226 2999 laboris
2288 2955 2461 2999 onus

437 3180 541 3221 VII.
601 3181 735 3229 Cam.
761 3180 829 3221 24.
861 3181 926 3224 25.
992 3181 1030 3220 1.
1062 3180 1241 3219 2a.b.c.

221 3286 267 3338 a)
295 3297 383 3335 que
410 3297 537 3325 versu
562 3296 632 3326 ex.
665 3298 749 3326 om.
780 3287 847 3326 2b.
984 3286 1031 3333 b)
1066 3296 1313 3335 preparare
1339 3296 1409 3335 pr.
1440 3296 1499 3325 m.
1530 3286 1598 3325 2b.
1736 3288 1777 3337 c)
1813 3286 1943 3325 iussit
1969 3285 2036 3326 sb.
2175 3286 2221 3337 d)
2248 3286 2312 3325 ita
2341 3288 2379 3325 1.
2411 3286 2460 3335 ὃς

220 3340 345 3379 Exin
374 3340 499 3382 2a.b.
518 3352 555 3382 e.
664 3339 707 3391 e)
736 3341 860 3379 locus
888 3340 965 3379 ille
992 3339 1055 3379 80.
1166 3339 1201 3390 t)
1229 3340 1327 3379 viso
1348 3350 1427 3387 pr.
1456 3350 1516 3379 m.
1548 3341 1627 3389 2a3
1656 3339 1742 3392 (vis
1769 3340 1818 3377 in
1845 3338 1999 3391 ras.)io
2030 3340 2096 3383 21».
2203 3340 2246 3391 g)
2283 3350 2342 3378 m.
2373 3350 2460 3381 rec.

224 3405 339 3433 corr.
368 3394 683 3441 'turingiorum
712 3394 752 3432 1.
880 3393 927 3445 h)
954 3398 1111 3432 sancto
1141 3392 1245 3432 aad.
1277 3394 1338 3432 20.
1468 3392 1501 3443 i)
1529 3394 1729 3441 acceptis
1757 3394 1823 3432 2b.
1961 3392 2009 3441 k)
2037 3403 2094 3433 m.
2125 3392 2184 3433 al.
2215 3393 2358 3441 suppl.
2390 3394 2459 3433 2a.

222 3448 267 3541 Β.
293 3445 461 3539 (texto).
490 3446 551 3538 ³³2
578 3446 764 3538 ηιὶιιιειιὲ
792 3456 891 3486 esse
918 3446 981 3486 ibi
1010 3446 1077 3485 2a.
1100 3446 1152 3495 ὃ,
1186 3446 1249 3485 ibi
1278 3456 1377 3486 esse
1414 3447 1601 3485 multam
1639 3447 1699 3485 2ο.
1849 3446 1910 3496 m)
1948 3446 2011 3484 ita
2048 3447 2087 3487 1.
2126 3446 2174 3497 33
2213 3446 2372 3494 satque
2412 3468 2462 3475 -

254 3512 341 3541 ivis
411 3510 494 3543 om.
554 3511 595 3539 a.
646 3528 657 3538 .
678 3510 713 3539 c.
768 3527 779 3539 .
800 3510 836 3538 e.

225 3712 281 3781 1)
333 3713 589 3779 Epistula
627 3712 880 3779 Greyorii
913 3712 993 3767 ΙΙ.
1042 3729 1095 3767 a.
1134 3712 1349 3782 7221‘23.
1400 3714 1537 3765 data
1572 3710 1783 3783 (Bonis.
1821 3715 1970 3780 epist.
2011 3713 2095 3776 19,
2137 3728 2198 3777 p.
2234 3714 2368 3777 268)
2416 3717 2463 3763 et

224 3784 355 3835 aliis
398 3784 703 3850 Thurinyis
751 3788 799 3835 et
834 3782 1079 3837 Alvoldo
1123 3782 1391 3850 (AJboldo
1432 3783 1582 3837 Otloh
1617 3800 1792 3851 supra
1826 3783 1865 3835 I
1861 3822 1877 3849 ‚
1919 3784 2007 3849 19)
2053 3784 2322 3849 inscripta
2370 3790 2462 3836 est.

224 3856 281 3921 2)
310 3854 369 3907 E
391 3855 519 3906 Vita
540 3854 867 3921 Moquntina
902 3870 943 3911 ο.
969 3858 1033 3911 5:
1074 3853 1201 3921 quia
1237 3858 1295 3907 et
1330 3854 1513 3908 locum
1550 3858 1608 3907 et
1644 3854 1927 3923 ecclesiam
1964 3854 2023 3907 in
2053 3852 2262 3906 honore
2287 3853 2460 3907 sancti

224 3925 411 3993 angeli
445 3924 559 3979 illic
594 3924 887 3979 dedicavit.
1053 3928 1108 3992 3)
1153 3926 1284 3978 Gum
1320 3926 1496 3977 Vitam
1530 3925 1912 3992 Moquntinam
1960 3927 2032 3990 (c.
2070 3928 2130 3990 5)
2171 3925 2240 3977 ab
2278 3924 2462 3977 Otloho

222 4000 285 4049 in
321 3997 417 4049 hoc
452 3998 621 4065 capite
654 3998 979 4063 exesor-aptam
1014 4013 1123 4049 esee
1158 3997 1297 4048 mihi
1322 4012 1646 4064 peracta-sum
1681 3998 1771 4061 sit,
1812 3999 1970 4050 otiam
2006 3996 2137 4049 haec
2182 3996 2341 4049 verba
2390 3996 2463 4047 ad

224 4069 444 4120 eandem
502 4070 829 4134 rettulerim,
888 4070 973 4120 ita
1029 4073 1091 4119 ut
1148 4066 1301 4119 Otloh
1353 4073 1452 4119 aut
1510 4068 1573 4120 de
1631 4068 1762 4120 libri
1821 4072 1989 4120 aetate
2046 4068 2306 4119 arv-averit
2367 4072 2463 4118 aut

222 4139 539 4191 vocabulum
582 4138 879 4205 ‘antiquus’
917 4154 1077 4191 sensu
1123 4141 1265 4191 satis
1314 4139 1424 4190 lato
1464 4154 1574 4205 pro
1619 4140 1794 4205 spatio
1843 4139 2046 4205 aliquot
2093 4138 2460 4191 docentum-um

2483 2568 2541 2615 cf.
2563 2568 2718 2607 Matth.

2535 2622 2575 2670 9,
2595 2622 2662 2661 37.

224 4212 498 4278 acceperit.
571 4211 778 4263 Auctor
813 4209 1165 4275 Moyuntinas
1197 4224 1359 4277 mque
1399 4208 1659 4274 Oka-drus·
1683 4212 2066 4262 monasterium
2100 4224 2262 4276 neque
2310 4210 2466 4273 fluvii
2477 4265 2484 4272 ,

220 4296 412 4334 nomen
460 4282 645 4333 attulit
690 4296 855 4347 noque
900 4280 1305 4347 stammam-um
1354 4282 1575 4333 illorum
1623 4286 1718 4332 aut
1762 4282 2070 4333 donationis
2108 4281 2461 4347 praediorum

222 4354 477 4408 meminit.
692 4351 749 4419 4)
804 4352 867 4407 V.
923 4352 1165 4419 Moyunt.
1226 4367 1269 4406 c.
1319 4355 1354 4408 5
1413 4358 1491 4421 (p.
1548 4353 1643 4418 96,
1695 4354 1825 4416 24).·
1886 4351 2228 4421 angelica
2281 4350 2459 4403 visi-

224 4422 515 4476 tatione
548 4454 621 4463 ---
645 4453 718 4463 —
752 4421 965 4491 perfrui
999 4422 1217 4478 meruit.
1361 4424 1416 4489 5)
1447 4423 1529 4488 C'f.
1562 4438 1740 4489 supra
1766 4440 1826 4490 p.
1851 4425 1940 4487 33,
1970 4425 2053 4478 16.
2198 4423 2254 4489 6)
2285 4422 2461 4474 Willi-

222 4496 417 4547 baldas
470 4512 512 4550 c.
562 4496 597 4550 6
650 4502 728 4563 (p.
780 4496 877 4556 34)
932 4496 1283 4548 ‘eremitarum
1334 4496 1579 4547 virorum
1590 4494 1624 4560 '‚
1681 4500 1872 4547 auctor
1924 4494 2274 4560 Moquntinas
2333 4507 2374 4547 o.
2426 4496 2462 4548 3
