3167 5192
129 1510 186 1549 10

127 1953 188 1992 15

124 2397 189 2436 20

124 2840 188 2880 25

126 3781 187 3821 35

464 502 710 558 VITAE
746 502 1151 559 BONIFATII
1186 501 1545 558 AUCTORE
1581 500 1888 557 OTLOHO
1926 500 2164 558 LIBER
2185 500 2232 559 1.
2367 506 2470 561 153

227 688 465 752 omnia
511 687 797 772 cenobia
842 689 916 751 in
964 688 1218 753 eisdem
1266 687 1497 770 regnis
1541 686 1684 749 iam
1744 688 2144 751 constructa
2202 685 2468 770 supple·

226 780 467 841 mento
513 776 745 860 aliquo
800 778 1179 842 adiuvaret.
1275 775 1350 839 Si
1407 775 1559 858 quis
1619 776 1692 838 in
1753 776 1862 838 his
1923 775 2216 851 dubitet,
2280 775 2469 859 legat

226 866 545 950 inprimis
606 886 731 930 sua
790 869 1018 950 gesta;
1092 865 1340 930 deinde
1410 865 1715 929 circueat
1783 863 2219 940 monasteria,
2292 884 2468 947 quae

228 956 359 1019 sub
406 959 717 1039 tempore
778 976 900 1020 suo
946 956 1245 1018 fundata
1306 952 1555 1017 habuit
1602 952 1816 1017 Italia
1873 952 1985 1017 vel
2033 950 2266 1017 Gallia
2325 952 2467 1017 sive

228 1043 623 1120 Germania,
674 1047 746 1107 et
788 1044 1098 1109 inveniet
1144 1063 1227 1108 ea
1288 1042 1522 1124 aliqua
1568 1041 1815 1105 Karoli
1874 1042 2201 1125 largitate
2262 1040 2467 1105 subli-

228 1136 447 1210 mata,
520 1133 858 1215 quaedam
916 1133 1193 1217 quidem
1262 1130 1623 1216 privilegio
1692 1130 2065 1207 libertatis,
2129 1131 2462 1213 quaedam

224 1242 391 1287 vero
468 1222 860 1307 prediorum
940 1220 1170 1298 donis,
1264 1220 1399 1284 nisi
1472 1221 1657 1283 forte
1734 1240 1816 1283 ex
1891 1220 2467 1302 subsequentibus

222 1309 509 1394 regibus
556 1331 678 1374 seu
725 1310 1063 1395 episcopis
1108 1310 1249 1373 sint
1298 1308 1553 1373 ablata.
1612 1310 1615 1312 ’
1649 1307 1861 1371 Multi
1907 1329 2203 1391 namque
2248 1328 2463 1391 reges,

226 1399 536 1463 eiusdem
599 1400 844 1464 Karoli
902 1419 1342 1474 successores²
1414 1398 1580 1462 licet
1640 1398 1716 1460 in
1775 1397 2100 1482 preclaris
2161 1396 2466 1461 moribus

226 1509 309 1552 ac
380 1489 629 1552 studiis
697 1488 1013 1573 pluribus
1082 1487 1547 1564 effulserinta,
1618 1486 1693 1549 in
1761 1488 1892 1550 hoc
1959 1490 2196 1550 tamen
2263 1486 2466 1549 nimis

228 1570 741 1660 deliqueruntb‚
813 1578 999 1662 quod
1060 1576 1475 1640 monasteria
1534 1574 1875 1639 nonnulla
1944 1575 2052 1639 vel
2120 1575 2254 1658 ipsi
2320 1577 2464 1638 tam

224 1667 541 1730 inmensa
570 1667 883 1750 obsequii
922 1667 1029 1731 sui
1060 1666 1418 1731 exactione
1450 1686 1659 1747 quam
1689 1665 2080 1749 prediorum
2115 1664 2464 1728 ablatione

228 1758 723 1820 destruxerunt
770 1755 881 1820 vel
942 1755 1279 1840 episcopis
1342 1774 1465 1818 seu
1525 1754 1738 1819 etiam
1797 1753 1992 1817 laicis
2054 1753 2464 1836 quibusdam

226 1845 407 1907 nihil
484 1846 711 1908 minus
779 1866 987 1928 quam
1062 1843 1513 1907 monasticam
1583 1843 1989 1925 religionem
2059 1842 2464 1906 curantibus
2511 1868 2520 1875 ·

227 1934 650 1998 destruenda
692 1934 1154 1998 tradiderunt.
1246 1932 1345 1995 At
1394 1931 1695 1995 Karolus
1747 1934 1984 1995 noster
2040 1952 2182 1995 non
2241 1931 2462 1994 solum

226 2024 400 2087 haec
448 2023 728 2087 min’ime
774 2023 1021 2087 fecisse
1066 2022 1436 2094 refertur⁰‚
1498 2021 1621 2085 sed
1667 2021 1878 2085 etiam
1924 2023 2208 2085 econtra
2265 2039 2464 2102 quae·

227 2114 388 2175 dam
483 2107 813 2175 cenobia‘1
901 2112 989 2175 ad
1085 2111 1590 2194 episcopatum·
1652 2110 2077 2193 pertinentia
2099 2160 2112 2187 ‚
2206 2109 2463 2193 prediis

228 2200 622 2284 duplicibus
654 2200 964 2277 redditis,
1000 2220 1157 2264 cum
1204 2198 1532 2263 (3011131110θ
1574 2199 1919 2262 communi
1968 2198 2054 2261 ab
2088 2197 2464 2282 episcopali

227 2290 493 2353 ditione
555 2289 854 2354 absolvit
920 2288 1379 2372 libertateque
1438 2287 1662 2371 regali
1729 2287 2163 2364 sublimavit,
2234 2280 2456 2350 sicutf

226 2380 451 2443 sancti
506 2378 1047 2443 Heimerammiss
1099 2370 1593 2463 cenobiumhd,
1655 2396 2087 2459 prenoscenS,
2148 2378 2230 2439 ut
2288 2395 2460 2451 reor,

227 2468 635 2552 prophetiae
682 2467 948 2551 spiritu,
998 2499 1087 2509 —
1132 2466 1316 2549 quod
1349 2469 1419 2530 et
1451 2485 1575 2529 nos
1608 2465 1950 2529 cernimus
1983 2468 2054 2529 et
2086 2464 2463 2528 anteriores

225 2556 448 2620 nostri
491 2557 628 2619 iam
678 2557 798 2619 diu
843 2554 1208 2639 impletum
1255 2555 1599 2630 viderunt,
1655 2588 1730 2597 -
1781 2552 1935 2617 loca
1979 2555 2237 2629 sancta,
2288 2573 2462 2635 quae

224 2646 627 2709 necessariis
688 2645 1006 2709 omnibus
1067 2643 1496 2707 sufficienter
1556 2645 1754 2707 erant
1821 2641 2144 2706 redimita
2213 2662 2254 2705 a
2322 2642 2462 2705 suis

224 2734 745 2799 institutoribus
765 2786 778 2812 ,
846 2734 1107 2798 tradita
1172 2752 1333 2797 vero
1394 2732 1732 2815 episcopis
1793 2734 1865 2795 et
1922 2730 1997 2817 in
2059 2722 2450 2813 penuriam¹

225 2824 595 2887 maximam
642 2827 714 2888 et
759 2824 834 2887 in
865 2822 1407 2887 destructionem
1437 2821 1658 2885 totius
1690 2819 2094 2904 disciplinae
2127 2818 2463 2903 regularis

225 2916 521 2976 ventura
564 2913 737 2977 fore.
844 2912 979 2976 Sed
1040 2912 1172 2975 hoc
1231 2930 1665 2993 nequaquam
1726 2909 1982 2973 idcirco
2043 2908 2216 2985 dico,
2279 2907 2464 2991 quod

226 3002 460 3065 omnia
518 3001 807 3083 cenobia
867 2999 1204 3085 episcopis
1264 2999 1577 3063 subiecta
1637 2999 1992 3062 destructa
2051 2997 2280 3075 sciam,
2344 2997 2464 3071 sed

226 3093 497 3174 partem
545 3090 933 3154 maximam.
1026 3088 1229 3168 Quod
1274 3091 1511 3151 tamen
1560 3108 1641 3151 eo
1688 3087 1907 3170 magis
1955 3086 2331 3151 dolendum
2394 3089 2464 3150 et

227 3179 695 3243 miserandum
754 3179 1048 3254 videtur,
1111 3198 1245 3261 quo
1306 3178 1533 3240 minus
1599 3177 1686 3240 ab
1747 3176 2231 3259 ignorantibus
2291 3175 2464 3258 legis

228 3268 502 3333 divinae
550 3270 897 3351 precepta,
944 3268 1062 3331 sed
1113 3288 1154 3331 a
1201 3266 1616 3330 doctissimis
1647 3266 1899 3348 agitur,
1934 3266 2071 3347 qui,
2106 3264 2467 3329 commissa

224 3357 360 3421 sibi
421 3357 855 3421 destruentes
916 3355 1223 3431 cenobia,
1284 3376 1425 3419 non
1484 3354 1710 3419 solum
1769 3354 1903 3437 ipsi
1962 3357 2272 3437 peccant,
2343 3353 2463 3417 sed

226 3446 441 3509 etiam
508 3445 719 3510 laicos
796 3464 1079 3529 peccare
1156 3444 1429 3509 faciunt
1503 3444 1579 3507 in
1656 3442 1893 3508 eadem
1974 3442 2462 3506 destructione.

441 3636 543 3677 VII.
600 3638 704 3685 Cap.
732 3636 799 3677 38.
864 3637 905 3678 1.
936 3636 1115 3677 2a.b.c.

226 3726 271 3776 a)
302 3726 349 3764 et
374 3726 421 3763 in
448 3737 536 3766 ras.
570 3728 607 3765 1.
746 3725 791 3777 b)
821 3723 1095 3773 deliquerint
1124 3726 1161 3774 1,
1192 3735 1337 3772 corr.,·
1363 3721 1702 3771 dereliquerunt
1730 3722 1798 3771 2a‚
1828 3732 1941 3763 corr.
2077 3723 2120 3768 c)
2148 3721 2292 3760 fertur
2319 3720 2394 3771 (1).
2423 3722 2462 3761 3.

226 3780 274 3826 d)
301 3780 365 3817 ita
393 3781 441 3829 1;
470 3779 571 3818 loca
598 3780 694 3818 rell.
806 3780 847 3830 e)
876 3778 1087 3818 conmuni
1114 3789 1233 3820 cons.
1261 3779 1322 3819 20.
1433 3776 1470 3827 ί)
1496 3778 1614 3817 sicut
1641 3788 1676 3816 s.
1708 3776 1853 3815 Heim.
1885 3785 1980 3816 cen.
2011 3785 2096 3814 om.
2128 3775 2152 3814 3
2182 3776 2286 3823 (non
2310 3776 2350 3815 1.
2372 3775 2462 3824 26).

226 3832 270 3883 g)
300 3833 363 3870 ita
392 3834 465 3881 20,-
492 3832 812 3871 Emmerammi
839 3832 936 3871 rell.
1047 3832 1094 3883 h)
1124 3831 1298 3871 cenobii
1326 3832 1366 3870 1.
1477 3829 1511 3881 i)
1539 3841 1658 3870 max.
1690 3839 1792 3878 pen.
1823 3829 1884 3868 20.

228 3992 283 4061 l)
337 3993 726 4044 Monasterium
763 3991 818 4046 S.
857 3991 1246 4043 Emmerammi
1278 3990 1504 4042 liberum
1552 3994 1601 4040 et
1649 3990 1709 4041 in
1757 3990 1871 4041 sola
1920 3990 2186 4054 ‘potestate
2231 3989 2466 4053 impera-

224 4070 405 4115 torum
428 4065 535 4114 sive
558 4062 760 4129 requm'
786 4078 893 4114 esse
915 4068 975 4113 τά
998 4062 1472 4126 demonstraretur,
1495 4061 1691 4113 charta
1713 4060 2138 4125 confirmationis
2161 4059 2366 4111 Karoli
2385 4058 2462 4113 M.

224 4134 451 4199 conficta
485 4141 559 4186 est
595 4134 985 4199 (Mahlbachem
1036 4133 1165 4199 Ray.
1203 4131 1287 4197 1²,
1338 4150 1391 4187 n.
1430 4134 1583 4198 352),
1633 4134 1910 4197 ipsumque
1948 4129 2194 4183 Otlohum
2241 4130 2467 4194 fraudis

226 4210 494 4257 auctorem
531 4206 701 4268 fuisse
735 4207 927 4256 statuit
954 4206 1010 4259 J.
1037 4204 1291 4265 Lechner,
1319 4204 1423 4254 ‘Zu
1455 4204 1556 4254 den
1579 4201 1819 4267 salechem
1843 4201 2466 4268 Exemtionqnivaeqien

225 4279 328 4341 fiir
375 4276 452 4331 St.
503 4273 840 4329 Emmeram'
887 4276 1003 4341 (‘N.
1047 4274 1231 4328 Arch!
1270 4274 1454 4338 XXV,
1492 4276 1596 4328 627
1616 4280 1754 4340 sqq.)
1768 4288 1793 4335 ,·
1843 4275 1912 4337 cf.
1963 4272 2200 4338 Krusch,
2252 4272 2348 4325 SS.
2394 4271 2463 4325 R.

226 4350 428 4401 Merov.
479 4347 580 4412 IV,
619 4350 743 4413 453,
792 4363 847 4401 n.
884 4349 935 4401 4.
1022 4346 1334 4398 Potestatem
1384 4348 1743 4412 episcoporum
1791 4343 2258 4396 Ratisbonmium
2311 4340 2467 4394 otzoh

224 4421 390 4470 etiam
424 4420 484 4470 in
521 4419 648 4470 Vita
684 4418 1003 4484 Wolfkanyi
1040 4434 1082 4472 c.
1124 4419 1193 4472 15
1233 4416 1356 4481 (SS.
1394 4416 1500 4480 IV,
1537 4418 1670 4476 532)
1713 4414 1990 4466 abusivam
2038 4420 2311 4468 vocaverat
2323 4429 2348 4476 ,·
2395 4416 2463 4479 cf.

225 4490 459 4541 eiusdem
496 4488 693 4541 librum
726 4490 1006 4541 Visionum
1042 4506 1083 4543 c.
1120 4490 1187 4543 10
1223 4488 1318 4552 (ib.
1356 4486 1461 4553 XI,
1494 4488 1644 4549 382).
