3167 5192
428 528 671 583 VITAE
704 528 1112 585 BONIFATII
1145 528 1505 585 AUCTORE
1541 528 1848 586 OTLOHO
1884 529 2120 585 LIBER
2142 529 2221 586 11.
2344 534 2450 588 163

208 722 442 777 sanctus
469 717 824 793 Auqustinus
866 716 1091 777 dixit&
1130 718 1253 791 Qui
1294 719 1865 777 divinationibus
1904 723 1971 777 et
2006 706 2439 795 aruspiciis*·b
2462 737 2688 791 speum.

210 808 317 865 vel
361 808 677 865 filacteriis
736 811 803 865 et
862 808 999 865 aliis
1012 806 1039 837 ⁰
1097 808 1484 883 quibuslibet
1540 808 1817 883 auguriis
1830 796 1861 839 ‘¹
1913 808 2265 877 crediderit,
2328 809 2450 866 etsi

210 896 471 965 ieiunet,
542 894 701 954 etsi⁰
774 900 926 965 oret,
997 898 1119 954 etsi
1184 897 1414 971 iugiter
1481 897 1563 954 ad
1633 897 1962 972 ecclesiam
2029 901 2258 967 currat,
2327 898 2449 955 etsi

210 985 423 1061 largas
470 986 846 1043 elemosinas
907 984 1120 1054 saciat,
1184 986 1305 1043 etsi
1363 986 1808 1060 corpusculum
1823 973 1851 1015 f
1904 1004 2092 1043 suum
2151 986 2218 1043 in
2277 988 2450 1044 omni

137 1090 171 1130 5
212 1074 557 1133 afflictione
623 1075 1012 1143 cruciaverit,
1072 1074 1231 1131 nihil
1289 1074 1347 1131 ei
1404 1074 1700 1150 proderit,
1764 1074 2068 1150 quamdiu
2126 1075 2451 1151 sacrilegia

212 1163 325 1220 illa
371 1179 501 1219 non
545 1164 883 1239 reliquerit.
963 1161 1123 1221 Nam
1165 1162 1219 1220 si
1263 1162 1409 1221 istas
1442 1162 1737 1237 payanias
1780 1162 1865 1221 ibi
1899 1163 2232 1237 paternitas
2259 1166 2450 1222 vestra

210 1251 277 1309 in
307 1250 577 1310 Romana
619 1251 759 1310 urbe
791 1250 1178 1325 prohibuerit,
1226 1256 1279 1309 et
1296 1318 1303 1322 ,
1321 1250 1434 1309 sibi
1478 1251 1785 1310 mercedem
1829 1256 1884 1310 et
1928 1251 2088 1311 nobis
2131 1251 2450 1311 maximum

199 1342 537 1413 profectum
580 1340 645 1399 in
690 1340 957 1399 doctrina
1000 1339 1382 1419 ecclesiastica
1425 1358 1464 1399 a
1478 1358 1507 1399 c
1524 1358 1559 1415 q
1572 1358 1613 1399 u
1625 1340 1649 1398 i
1663 1358 1698 1398 r
1711 1359 1741 1399 e
1754 1340 1821 1398 t&
1831 1385 1845 1399 .

429 1465 709 1539 Ispiscopi
782 1483 998 1540 quoque
1070 1469 1125 1523 et
1187 1464 1502 1538 presbiteri
1575 1465 1798 1540 yeneris
1871 1464 2235 1525 Francorum
2249 1511 2270 1534 ,
2351 1465 2450 1539 qui

112 1572 171 1609 ιο
214 1541 496 1624 fuerunt1²
534 1554 785 1613 adulteri
827 1554 915 1612 vel
962 1553 1347 1625 fornicatores
1390 1554 1683 1624 acerrimi,
1729 1572 1868 1629 quos
1911 1554 1976 1613 in
2017 1553 2206 1628 qradu
2241 1554 2448 1628 episco-

200 1647 387 1720 patus
428 1644 517 1702 vel
551 1643 887 1717 presbiterii
935 1642 1385 1714 fornicationum
1429 1641 1543 1714 filii
1591 1630 1749 1702 nati¹
1795 1647 2064 1718 aryuunt,
2106 1642 2224 1701 red
2236 1660 2318 1701 eu
2331 1647 2452 1701 ntes

212 1721 332 1791 ab‘1
384 1732 698 1806 apostolica
756 1732 901 1803 sede,
962 1732 1179 1802 dicunt,
1237 1731 1351 1790 sibi
1394 1730 1723 1791 Romanum
1770 1729 2104 1806 pontificem
2161 1731 2451 1791 licentiam

212 1820 434 1880 dedisse
474 1821 859 1879 ministerium
908 1821 1226 1894 episcopale
1281 1821 1346 1878 in
1404 1820 1636 1898 eeclesia
1694 1838 1876 1880 usur
1878 1808 2137 1894 parek.
2235 1817 2453 1879 Contra

212 1926 356 1983 quos
398 1909 803 1979 contendimus,
850 1910 988 1983 quia
1032 1909 1405 1983 apostolicam
1448 1909 1632 1968 sedem
1677 1914 1878 1968 contra
1920 1909 2146 1969 decreta
2175 1927 2451 1969 canonum

112 2014 170 2053 ιδ
210 2016 572 2073 nequaquam
618 1986 1011 2057 audivimusk*
1058 1998 1361 2057 iudicasse.

428 2122 593 2181 Haec
658 2122 850 2182 omnia
864 2168 885 2193 ,
961 2122 1185 2181 domine
1250 2122 1590 2192 karissime,
1662 2126 1971 2197 propterea
2043 2110 2215 2181 nota¹
2294 2122 2454 2181 vobis

214 2213 257 2283 f
260 2230 291 2271 e
308 2211 507 2282 cimus,
553 2216 620 2270 ut
661 2216 883 2270 vestrae
926 2211 1292 2271 auctoritatis
1333 2228 1666 2286 responsum
1711 2212 1925 2271 talibas
1965 2211 2108 2270 dare
2141 2211 2451 2285 possimus,

211 2305 279 2359 ut
314 2310 429 2374 per
473 2300 751 2359 cautelam
794 2305 1015 2359 vestrae
1062 2300 1356 2359 doctrinae
1413 2318 1541 2360 oves
1599 2300 1860 2382 eeclesiae
1918 2318 2032 2360 non
2089 2300 2450 2370 seducantur,

210 2389 315 2448 sed
358 2390 483 2463 lupi
526 2408 769 2464 rapaces
813 2389 1055 2449 convicti
1099 2393 1154 2447 et
1194 2390 1453 2464 superati
1488 2394 1752 2463 pereant.

113 2529 173 2568 so
429 2513 663 2573 Interea
705 2514 1039 2573 munuscula
1072 2532 1271 2588 parva
1314 2514 1521 2573 vobi-9¹¹¹
1550 2514 1894 2584 direximus,
1939 2531 2054 2571 non
2096 2514 2234 2587 quia
2273 2512 2452 2588 diqna

212 2604 335 2662 sint
367 2603 721 2677 paternitati
766 2609 1005 2673 vestrae,
1052 2603 1150 2662 sed
1197 2621 1315 2677 pro
1358 2602 1575 2661 indicio
1634 2602 1902 2661 caritatis
1959 2600 2052 2660 et¹¹
2104 2601 2452 2681 obedientiae

212 2692 549 2762 devotionis,
608 2691 673 2751 id
716 2698 799 2751 est
847 2692 1114 2751 villosam
1170 2708 1345 2750 unam
1402 2694 1456 2749 et
1512 2690 1739 2765 amenti
1797 2689 1889 2749 et⁰
1943 2689 2080 2749 auri
2138 2689 2446 2749 tantillum.

212 2780 482 2840 Dextera
524 2780 769 2841 Domini
803 2785 1150 2855 proteyente,
1196 2780 1525 2839 incolomem
1568 2779 1759 2838 valere
1809 2784 1864 2837 et
1919 2778 1983 2837 in
2033 2776 2262 2837 Christo
2309 2796 2448 2853 pro-

211 2870 383 2941 ficere
430 2869 831 2929 beatitudinem
874 2874 1123 2927 vestram
1167 2868 1231 2927 in
1276 2867 1666 2943 lonyitudinel'
1719 2866 1944 2927 diemm
1987 2871 2268 2941 optamus.

116 3008 173 3047 85
543 2994 623 3053 Te
665 2992 827 3052 Deus
870 2993 1217 3052 altithronus
1258 2996 1461 3052 sancta
1504 2996 1791 3051 conservet
1839 2992 1947 3051 inq
1998 2991 2134 3051 aede

536 3079 703 3142 Sedis
746 3081 1089 3156 apostolicae
1130 3086 1403 3141 rectorem
1448 3085 1709 3155 tempore
1752 3081 1928 3156 lonqo
1943 3126 1961 3151 ,

536 3170 847 3241 Melliflua-
871 3175 1103 3246 oratum
1137 3170 1376 3245 populis
1419 3170 1688 3230 doctrina
1719 3188 1834 3244 per
1877 3170 2087 3238 orbem,

536 3258 925 3335 Perficiatque
967 3258 1095 3319 Deo
1137 3260 1372 3335 diqnum
1405 3260 1520 3333 pia
1560 3259 1759 3335 qratia
1808 3256 2044 3318 Christi.

540 3346 856 3423 Splendida
888 3348 1185 3423 percipiat
1228 3350 1442 3418 florens
1484 3366 1592 3408 sua
1605 3349 1632 3380 Γ
1683 3348 1901 3423 qaudia
1943 3351 2149 3418 mater,

119 3451 173 3492 ιο
536 3437 722 3513 Atque
764 3438 964 3497 domus
1006 3436 1250 3497 Domini
1294 3437 1534 3496 laetetur
1566 3437 1738 3511 prole
1781 3436 2046 3507 fecunda.

444 3657 498 3727 *)
537 3656 929 3725 Auruspicium
965 3655 1183 3726 dicitur,
1232 3656 1377 3725 quod
1426 3655 1621 3725 aliquis
1668 3655 1726 3709 in
1775 3671 1909 3709 aura
1954 3654 2140 3709 futura
2185 3656 2345 3723 putat
2393 3669 2453 3707 se

538 3726 820 3797 predicere
855 3728 944 3782 vel
979 3726 1239 3796 divinare,
1277 3746 1346 3784 m.
1384 3744 1515 3783 saec.
1553 3728 1680 3783 XV.
1717 3728 1843 3781 add.
1883 3730 1931 3783 1.
2417 3762 2420 3765 -

433 3961 535 4001 vn.
592 3961 696 4009 Gap.
723 3962 763 3999 1.
827 3962 866 4004 1.
892 3960 963 4001 sa.
979 3959 1019 4002 b.
1034 3970 1068 4002 c.

213 4072 259 4117 ιι)
290 4066 402 4107 dicit
429 4068 497 4106 211.
606 4066 653 4117 b)
681 4067 745 4105 ita
772 4067 841 4105 2ο.
858 4066 898 4105 b.
915 4076 964 4113 05
989 4065 1258 4115 auruspicib
1287 4067 1326 4105 1.
1357 4066 1423 4106 20.
1440 4066 1497 4113 d,·
1524 4064 1804 4114 aruspicibus
1830 4064 1970 4113 Epist.
2078 4064 2119 4113 c)

122 4125 177 4166 85
214 4124 261 4171 d)
294 4132 379 4160 om.
412 4123 451 4161 1.
562 4120 605 4172 e)
632 4125 679 4159 et
704 4119 774 4159 za.
791 4120 831 4159 b.
847 4130 883 4158 c.
992 4119 1028 4169 t)
1056 4128 1219 4168 eorpus
1239 4120 1300 4158 20.
1409 4119 1454 4170 g)
1472 4118 1668 4167 acquirit
1685 4119 1754 4157 2⁰.
1864 4118 1912 4169 h)
1929 4118 2108 4158 ruerant
2127 4116 2152 4155 2

215 4174 316 4215 nati
335 4175 403 4224 eb,
423 4184 538 4213 corr.
639 4173 687 4221 k)
713 4173 809 4213 Hee
838 4172 1002 4221 omnia,
1033 4172 1209 4212 domiue
1237 4172 1473 4211 karissime
1501 4174 1561 4220 (v.
1582 4172 1615 4211 1.
1637 4172 1707 4222 16)
1737 4171 1858 4221 add„
1887 4172 1960 4211 sod
1985 4171 2069 4211 dol.
2094 4172 2135 4210 1.

216 4239 318 4268 mus
347 4229 408 4267 20.
518 4227 552 4273 l)
579 4227 709 4266 vobis
735 4230 845 4266 nota.
872 4227 938 4267 sa.
957 4226 997 4266 b.
1014 4236 1051 4265 c.
1162 4227 1221 4274 m)
1251 4222 1338 4265 dir.
1359 4225 1488 4265 vobis
1511 4225 1575 4269 20.
1684 4226 1731 4277 u)
1760 4236 1844 4266 ont.
1866 4227 1904 4267 1.
1924 4225 2036 4274 (fla).
2145 4234 2172 4263 o
2219 4233 2272 4261 vo

216 4283 266 4320 in
292 4282 430 4319 litura
456 4281 520 4319 2⁶.
681 4280 727 4330 p)
757 4276 1036 4329 longitudine
1063 4280 1130 4328 21»,
1162 4288 1275 4319 corr.
1440 4279 1485 4328 q)
1513 4278 1622 4319 iude
1647 4290 1763 4319 corr.
1792 4279 1838 4318 in
1865 4276 1977 4318 aede
2005 4277 2073 4316 2⁶.

215 4344 436 4383 merser.
467 4334 533 4373 20.
