3167 5192
655 510 862 567 XVIII
1541 506 2005 564 PRAEFATIO.

665 692 833 757 102‘.
911 691 984 757 V.
1046 689 1408 758 Wiltibaldi
1473 691 1554 755 ab
1622 710 1753 755 uno
1819 688 2092 755 librario
2150 686 2502 769 descriptas
2560 685 2900 765 continet,
2854 687 2881 725 ²

659 780 773 863 qui
830 779 965 861 ipse
1023 779 1294 845 codicem
1345 778 1577 845 iterum
1640 798 1781 845 cum
1840 775 2191 876 exemplari
2248 775 2543 843 collatum
2600 775 2704 840 hic
2762 774 2905 839 illic

661 867 1030 948 emendavit,
1079 866 1211 934 alio
1255 873 1613 933 atramento
1654 866 1827 931 usus.
1922 863 2201 964 Scripsit
2238 863 2469 947 ubique
2510 864 2649 944 fere
2692 884 2728 949 9
2772 883 2905 944 pro

663 980 763 1035 ae,
822 919 1144 1021 interdum
1189 958 1247 1021 Is
1284 976 1412 1037 pro
1457 959 1711 1032 autem,
1773 960 1959 1036 atque
2014 951 2187 1019 inter
2243 974 2419 1037 quae
2477 958 2539 1018 et
2602 973 2735 1037 que
2802 949 2905 1015 ita

662 1043 976 1125 distinxit,
1021 1050 1094 1109 ut
1135 1066 1219 1129 qt,
1263 1049 1325 1108 et
1367 1064 1448 1127 q;·
1499 1006 1719 1121 (semei
1755 1064 1802 1129 q
1806 1042 1858 1124 ;)
1893 1061 2023 1141 pro
2066 1062 2265 1126 quae,
2317 1046 2573 1107 econtra
2619 1062 2681 1125 q;
2730 1045 2791 1104 et
2831 1060 2899 1123 q:
2945 1060 2975 1100 6

653 1154 777 1216 pro
822 1153 958 1237 que
991 1131 1342 1213 posuerit².
1433 1131 1569 1197 Pro
1615 1132 1778 1216 quia
1810 1129 2063 1213 passim
2108 1148 2158 1208 (1,
2192 1128 2514 1213 scripsit⁸,
2580 1128 2768 1193 semel
2810 1150 2899 1211 φ,

663 1243 803 1288 cum
849 1244 892 1306 q
925 1240 1052 1303 pio
1081 1222 1200 1306 qui
1229 1218 1607 1297 adhibuerit,
1654 1240 1784 1285 uno
1818 1220 1951 1284 loco
1983 1213 2066 1296 (c.
2100 1220 2174 1302 5)
2216 1217 2409 1283 etiam
2454 1239 2501 1299 (1,
2540 1216 2899 1297 admittens,

663 1310 948 1392 hancque
990 1308 1310 1374 scribendi
1352 1306 1666 1373 rationem
1708 1309 1799 1372 ad
1838 1306 2159 1389 exemplar
2200 1326 2324 1388 quo
2365 1326 2521 1371 usus
2563 1311 2657 1371 est
2690 1303 2905 1371 redire

664 1419 743 1463 ex
783 1396 1032 1463 mendis
1075 1396 1213 1461 eius
1255 1396 1586 1463 nonnullis
1629 1393 2038 1479 cognoscitur,
2097 1394 2327 1477 quinae
2382 1393 2495 1476 qui
2546 1414 2597 1460 c.
2648 1400 2711 1457 2.
2757 1399 2817 1458 et
2854 1398 2901 1457 8

668 1483 839 1569 (bis)
900 1488 1019 1571 qui
1077 1490 1262 1567 atque
1319 1506 1372 1550 c.
1433 1491 1474 1548 4
1540 1482 1711 1568 (bis)
1782 1490 1841 1549 et
1899 1490 1959 1548 8.
2032 1505 2076 1568 q
2132 1502 2258 1566 pro
2325 1484 2488 1569 quia
2554 1480 2901 1565 scripserit,
2949 1502 3004 1542 10

665 1582 881 1641 notam
929 1597 974 1655 q
1014 1573 1154 1639 sine
1211 1572 1400 1639 dubio
1455 1573 1623 1638 male
1684 1572 2152 1653 interpretatus.
2258 1571 2595 1637 Interdum
2650 1590 2903 1651 suspen·

666 1663 952 1729 sionibus
1009 1682 1162 1727 aevo
1218 1661 1330 1726 illo
1391 1660 1757 1727 rarioribus
1812 1682 1967 1725 usus
2023 1666 2131 1743 est,
2200 1659 2438 1726 scilicet
2502 1679 2553 1725 c.
2604 1664 2666 1722 6.
2737 1678 2901 1743 apos

671 1750 783 1833 (=
843 1748 1242 1832 apostolum),
1318 1771 1367 1815 c.
1419 1755 1479 1812 7.
1543 1744 1924 1834 archiepisc
1996 1744 2114 1827 (=
2182 1746 2747 1831 archiepiscopo),
2703 1748 2729 1787 4
2828 1746 2905 1809 in

657 1836 1275 1938 praescriptionibus
1319 1836 1600 1921 capitum
1644 1844 1706 1901 5.
1766 1844 1825 1903 et
1870 1844 1932 1902 8.
1995 1838 2222 1923 episco
2269 1838 2377 1902 sui
2421 1833 2543 1901 lit-t
2603 1833 2723 1916 (==
2782 1833 2904 1916 epi-
3140 1877 3142 1940 J

671 1926 842 2008 scopi
877 1925 983 1990 sui
1017 1924 1275 2009 litteris)
1309 1931 1370 1990 et
1396 1930 1567 2010 pred
1599 1921 1761 1991 simii
1794 1947 1953 1992 exer
1985 1920 2103 2003 (==
2132 1924 2597 2008 predicationis
2625 1922 2903 1990 studium
2948 1944 3006 1983 ιο
3140 1948 3142 1985 i

671 2013 998 2097 exercuit).
1092 2013 1360 2089 Saeculo
1407 2013 1482 2077 X
1495 2013 1613 2079 VI.
1660 2012 2071 2095 antiquarius
2126 2012 2391 2095 quidam
2434 2014 2507 2079 V.
2568 2009 2905 2092 Bonifatii
3140 2040 3144 2069 ·,

667 2102 918 2188 passim
961 2100 1262 2183 expolivit
1301 2108 1362 2166 et
1403 2100 1827 2202 interpolavit,
1892 2101 2074 2167 cuius
2131 2102 2425 2169 lectiones
2479 2100 2907 2201 discrepantes
3140 2076 3144 2171 1

661 2191 1018 2274 permultae
1063 2188 1308 2255 nullius
1359 2188 1659 2255 momenti
1702 2197 1869 2272 sunt,
1924 2192 2095 2256 unde
2152 2212 2261 2255 eas
2317 2211 2450 2256 non
2492 2188 2717 2255 curavi
2773 2186 2909 2253 nisi
3142 2192 3144 2227 ³

659 2290 1000 2362 perraro&
1091 2276 1298 2343 Codex
1355 2277 1490 2343 nisi
1547 2280 1886 2344 admodum
1942 2279 2143 2359 fallor
2186 2299 2265 2344 ex
2316 2276 2581 2345 dioecesi
2624 2276 2908 2342 Falchste-

674 2366 836 2433 tensi
882 2365 1194 2433 oriundus
1243 2373 1401 2449 erat,
1461 2386 1602 2432 cum
1658 2388 1793 2433 non
1834 2368 2034 2432 solum
2076 2366 2557 2451 Wynnebaldus
2598 2372 2661 2430 et
2698 2362 2909 2431 Willi-
2950 2386 3012 2426 20

674 2456 900 2521 baldus
909 2453 1333 2555 Bonifatium
1363 2454 1703 2554 efccipiant,
1734 2456 1848 2520 sed
1874 2455 2067 2521 etiam
2095 2455 2492 2540 exemplaria
2522 2448 2731 2533 (let
2760 2448 2821 2517 Γ
2824 2446 2907 2535 ”)

673 2544 850 2609 illius
891 2542 968 2608 in
1011 2545 1228 2609 eadem
1271 2542 1526 2625 reyione
1569 2542 1886 2625 descripta
1929 2543 2079 2609 sint.

893 2627 980 2713 Γ)
1023 2629 1232 2696 Codex
1259 2632 1325 2695 R
1340 2652 1677 2698 omanus
1716 2631 2121 2698 bibliothecae
2158 2631 2611 2698 Vallicellanae
2653 2629 2720 2696 0.
2757 2637 2906 2711 73α,
3145 2648 3148 2715 j

677 2742 840 2787 saec.
892 2719 981 2800 X,
1045 2718 1194 2784 olim
1240 2719 1337 2800 (a.
1391 2722 1595 2805 1592)
1645 2720 1967 2786 Iohannis
2022 2720 2286 2804 Georyii
2344 2742 2389 2785 a
2444 2717 2907 2797 Werdenstein,
3145 2720 3148 2819 Ι

676 2810 924 2874 easdem
968 2807 1151 2872 Vitas
1195 2808 1472 2873 continet
1513 2815 1701 2890 atque
1754 2815 1808 2890 1,
1856 2808 1989 2875 scil.
2038 2810 2151 2889 fol.
2205 2808 2463 2874 1—49‘.
2554 2805 2909 2887 Bonifatii,
2950 2829 3011 2869 85
3145 2826 3148 2891 ζ

676 2897 790 2976 fol.
852 2895 1180 2960 49‘-75‘.
1277 2896 1726 2979 Wynnebaldi,
1786 2898 1899 2977 fol.
1953 2898 2254 2963 76—82‘.
2360 2895 2742 2977 Willibaldi,
2813 2896 2911 2960 de-
3145 2906 3147 2913 '

677 2984 951 3065 scriptus
993 3005 1028 3048 e
1072 2983 1236 3049 libro
1268 2986 1701 3065 praecedente,
1750 2992 1895 3051 teste
1948 2984 2021 3051 0.
2052 2986 2337 3051 Holder-
2317 2986 2568 3087 -Eyyer
2610 3006 2669 3049 v.
2716 3006 2767 3049 c.
2775 2985 2819 3046 6.

899 3066 1008 3155 Γ)
1066 3071 1274 3138 Oodeoe
1316 3071 1934 3139 Eichstetensis
1978 3080 2171 3140 antea
2213 3072 2555 3140 seminarii
2599 3070 2914 3138 clericalis

677 3182 746 3225 n.
795 3167 832 3223 3
845 3167 899 3242 1,
947 3159 1131 3225 hodie
1176 3159 1425 3225 archivi
1469 3160 1915 3227 ordinariatus
1959 3162 2346 3245 episcopalis,
2394 3184 2555 3229 saec.
2607 3161 2680 3226 X
2694 3161 2767 3226 V.
2792 3180 2911 3240 ea„

681 3248 834 3313 olim
892 3248 1037 3331 (16οΖ
1086 3248 1161 3330 3)
1219 3248 1551 3330 pertinens
1614 3253 1703 3316 ad
1758 3252 2250 3316 monasterium
2299 3244 2915 3331 Blanckst(etense)
2954 3271 3013 3311 eo

680 3334 986 3421 ord(i·nis)
1035 3338 1101 3402 S.
1152 3332 1605 3422 Ben(edicti)⁷
1650 3345 1835 3420 atque
1878 3337 2165 3405 maxima
2215 3360 2293 3405 ex
2335 3344 2528 3423 parte
2587 3336 2730 3419 (fol.
2782 3344 2913 3402 3-

686 3431 810 3491 105
815 3425 869 3507 ¹)
915 3446 1038 3511 per
1085 3446 1328 3491 manus
1374 3426 1770 3492 Leonhardi
1800 3428 2035 3493 Pfoler
2079 3434 2400 3509 exaratus,
2447 3426 2613 3493 sicut
2654 3448 2732 3492 ex
2777 3426 2913 3491 sub-

680 3514 1020 3596 scriptione
1062 3512 1269 3595 ipsius
1299 3512 1445 3595 (16οΖ
1483 3520 1607 3579 105
1614 3515 1664 3598 ‘)
1712 3513 2113 3598 intelleyitur,
2150 3523 2299 3598 post
2334 3516 2517 3583 Vitas
2550 3513 2915 3582 Willibaldi

683 3598 828 3681 (fol.
878 3604 1128 3677 3—21)
1177 3609 1236 3667 et
1286 3602 1717 3685 Wynnebaldi
1763 3602 1907 3684 (fol.
1958 3603 2240 3669 21‘-—35
2246 3604 2297 3686 ‘)
2317 3606 2343 3645 ⁸
2386 3611 2447 3669 et
2495 3602 2915 3685 Waldburyis

681 3696 845 3754 auct.
907 3690 1294 3769 Wolfhardo
1339 3689 1418 3772 (16.
1469 3697 1729 3755 36-79
1734 3691 1785 3768 ’)
1838 3692 1953 3772 16οΖ.
2003 3697 2191 3758 80-
2200 3694 2349 3758 105’
2352 3740 2367 3756 .
2460 3693 2534 3758 V.
2581 3688 2917 3771 Bonifatii
2958 3713 3013 3752 35

686 3898 740 3963 1)
779 3896 863 3961 016.
888 3896 1132 3950 Holder-
1146 3899 1339 3965 Eyyer,
1377 3899 1477 3954 SS.
1500 3899 1631 3965 XV,
1652 3901 1725 3956 82
1748 3916 1846 3969 sq„
1880 3901 1976 3953 ubi
1998 3901 2235 3953 tabulam
2258 3900 2307 3956 I.
2331 3917 2441 3953 scri
2419 3904 2635 3967 ipturae
2659 3901 2917 3967 specimen

685 3974 916 4053 occupat.
1083 3968 1140 4037 2)
1188 3968 1374 4022 Pro*
1338 3987 1377 4039 p
1411 3986 1617 4037 semper
1650 3986 1784 4038 prae
1816 3973 2030 4037 soeipss',
2068 3986 2187 4022 oum
2220 3978 2271 4024 et
2302 3987 2403 4039 pre
2436 3976 2485 4023 et
2519 3987 2621 4039 pre
2655 3972 2716 4023 in
2750 3971 2919 4022 codice

683 4039 1046 4103 inveniantur,
1081 4046 1242 4106 atque
1275 4042 1389 4107 ipse
1431 4040 1697 4093 librarius
1739 4042 2013 4095 interdum
2046 4056 2148 4109 pre
2178 4044 2417 4095 correxit
2449 4058 2564 4110 pre.
2740 4039 2798 4110 3)
2828 4040 2914 4105 016.

685 4107 931 4161 Holder-
906 4109 1197 4191 -quer—
1163 4110 1199 4163 Ζ.
1238 4111 1274 4165 Ζ.
1309 4128 1364 4177 p.
1393 4112 1514 4177 119,
1540 4113 1629 4167 26.
1667 4114 1827 4179 574a,
1852 4114 1940 4168 40.
2083 4113 2141 4180 4)
2172 4112 2362 4166 Etiam
2397 4116 2459 4165 in
2491 4114 2660 4166 codice
2693 4114 2731 4167 4
2765 4111 2923 4163 semel

686 4185 753 4245 (c.
791 4182 853 4245 8)
890 4178 1197 4248 archiepisc
1232 4187 1327 4246 (=
1365 4182 1818 4269 archiepiscopus)
1854 4184 2071 4249 legitur.
2248 4185 2305 4251 5)
2340 4184 2550 4237 Littera
2585 4184 2638 4235 B
2671 4184 2921 4249 siqnatas
2958 4191 3019 4229 40

686 4265 778 4301 eas
813 4251 1162 4315 Naro-berger
1195 4252 1368 4305 editor
1399 4254 1717 4304 novissimus
1750 4256 1811 4305 in
1859 4259 2191 4322 apparatum
2234 4255 2543 4309 admiserat.
2731 4254 2786 4320 6)
2820 4252 2919 4307 SS.

686 4319 814 4387 XV,
852 4324 960 4385 83,·
1010 4322 1096 4374 &N
1131 4323 1318 4377 Aroh!
1355 4323 1527 4389 XIII,
1563 4326 1686 4379 578.
1856 4325 1911 4392 7)
1962 4324 2137 4377 Hodie
2182 4324 2563 4391 Planlcstetten,
2614 4323 2918 4389 ‘Rea-Bw.

691 4360 1006 4456 Obsipfalz,
1062 4393 1185 4448 Bez.
1200 4394 1363 4445 -Amt
1417 4394 1754 4461 Beibnyries’.
1844 4396 1924 4447 De
1976 4396 2144 4449 codice
2196 4397 2267 4461 cf.
2327 4395 2575 4448 ‘Archiv’
2631 4395 2745 4460 IX,
2797 4396 2921 4449 560.

683 4462 741 4528 8)
776 4461 858 4525 016.
894 4461 990 4517 SS.
1029 4464 1156 4530 XV,
1193 4467 1278 4520 84„
