3167 5192
595 467 740 526 VIII
1471 465 1931 522 PRAEFATIO.

589 651 726 734 ipso
801 649 1164 732 scripserit:
1233 650 1683 714 willibaldus
1753 650 1918 716 lieet
1984 652 2311 734 indignus
2380 654 2453 716 in
2526 654 2823 718 Domino

591 741 928 825 presbiter
948 739 988 814 1,
1039 738 1348 821 diynitate
1380 737 1749 820 pontificali
1794 737 2055 802 minime
2094 740 2433 821 praeditus
2478 748 2634 822 erat,
2698 741 2823 825 epi-

587 827 876 910 scopique
941 826 1398 908 Eiclistetensis
1462 827 1630 891 velut
1693 826 1970 892 hominis
2020 827 2268 909 alieni,
2340 830 2527 895 laude
2592 829 2830 896 scilicet

589 917 789 999 diyni,
835 916 1209 981 mentionem
1243 916 1398 996 fecit
1442 914 1525 998 (c.
1561 918 1633 998 8)
1649 937 1676 997 ,·
1720 915 1987 998 denique
2023 938 2161 982 cum
2190 917 2535 998 Bonifatio
2578 919 2825 984 nullam

591 1005 1097 1072 consuetudinem
1142 1005 1202 1070 ei
1244 1004 1446 1084 fuisse
1491 1011 1749 1085 constat,
1798 1004 1909 1086 qui
1952 1026 2017 1070 se
2062 1006 2267 1071 relata
2304 1012 2550 1072 tantum
2580 1008 2824 1087 referre
2861 1035 2887 1074 5

590 1101 803 1176 aperte
834 1094 1170 1176 professus
1214 1093 1299 1158 sit
1317 1096 1359 1156 ².
1438 1093 1679 1159 Auctor
1708 1094 2156 1175 Moyuntinus,
2195 1095 2305 1176 qui
2338 1102 2487 1178 post
2530 1119 2591 1160 a.
2632 1103 2752 1160 101
2766 1103 2819 1161 1.

587 1183 849 1263 fabulas
895 1183 970 1248 de
998 1182 1341 1262 Bonifatio
1387 1204 1418 1247 e
1465 1181 1807 1247 traditione
1852 1189 2137 1264 acceptas
2164 1184 2504 1249 memoriae
2535 1185 2821 1267 tradidit,

576 1273 779 1354 plura
825 1273 900 1336 de
957 1270 1332 1337 Willibaldo
1363 1270 1636 1352 protulit
1648 1292 1669 1334 .·
1728 1270 1943 1336 Vitam
1988 1273 2067 1336 ab
2113 1293 2182 1336 eo
2228 1273 2528 1355 scriptam
2576 1295 2706 1338 esse
2751 1274 2824 1339 in

589 1359 846 1427 ecclesia
893 1360 962 1426 S.
1003 1359 1277 1425 Victoris
1321 1367 1503 1424 extra
1547 1380 1762 1424 muros
1790 1361 1885 1423 M
1879 1360 2173 1442 oyuntiae
2216 1361 2361 1442 sita,
2414 1361 2506 1427 ‘in
2544 1362 2825 1428 conclavi

587 1449 784 1515 unius
827 1447 1135 1529 cubiculi',
1183 1469 1440 1530 eamque
1487 1448 1705 1530 primo
1756 1447 1832 1512 in
1890 1448 2125 1514 tabulis
2182 1449 2412 1515 ceratis
2470 1457 2820 1533 exaratam,
2862 1479 2916 1517 ιο

589 1540 781 1603 donec
825 1559 867 1601 a
897 1537 1087 1602 Lutto
1131 1544 1191 1602 et
1220 1538 1312 1601 M
1305 1537 1657 1620 eyinyaudo
1692 1537 2092 1618 probaretur,
2143 1535 2299 1620 ‘post
2341 1561 2555 1604 eorum
2592 1541 2822 1605 exami-

587 1627 910 1692 nationem
953 1624 1029 1690 in
1065 1626 1474 1710 peryamenis
1523 1625 2010 1707 rescribendaan,
2070 1648 2151 1692 ne
2208 1627 2367 1709 quid
2420 1628 2673 1694 incaute
2728 1630 2823 1694 vel

587 1717 981 1798 superfluum
1047 1721 1382 1780 eoearatum
1418 1798 1422 1802 λ
1456 1715 1817 1797 amoareret'
1838 1715 1881 1778 3.
2010 1715 2093 1782 Ut
2160 1723 2369 1781 autem
2436 1717 2597 1782 alibi
2663 1719 2823 1797 fides

589 1803 868 1870 auctoris
935 1803 1212 1868 eiusdem
1270 1805 1542 1869 sublesta
1602 1811 1694 1868 est
1706 1805 1749 1885 4,
1811 1803 1907 1868 ita
1964 1803 2118 1869 haec
2175 1805 2546 1870 auctoritate
2604 1813 2825 1872 carent

589 1900 774 1975 atque
802 1913 1035 1974 vereor,
1069 1914 1150 1958 ne
1177 1892 1362 1971 fama
1391 1893 1640 1958 incerta
1670 1898 1727 1956 et
1756 1892 2114 1958 coniectura
2145 1893 2457 1958 nitantur.
2518 1895 2823 1960 Attamen
2861 1922 2913 1961 15

601 1981 1044 2048 Willibaldwm
1117 1980 1498 2063 Moyuntiae
1574 1980 1813 2063 deyisse
1888 1980 2229 2046 verisimile
2299 1989 2419 2064 est,
2500 1983 2611 2064 qui
2692 2005 2823 2048 non

588 2073 786 2136 solum
861 2069 936 2134 in
999 2071 1262 2152 proloyo
1336 2070 1596 2135 Lullum
1670 2091 1806 2134 una
1880 2092 2019 2136 cum
2094 2071 2476 2154 Meyinyoeo
2551 2071 2821 2154 aliisque

589 2159 844 2225 testibus
888 2158 1262 2240 laudaverit,
1309 2161 1422 2224 sed
1462 2158 1657 2224 etiam
1702 2161 1777 2224 de
1820 2158 2130 2224 miraculo
2175 2162 2446 2242 quodam
2493 2159 2577 2241 (c.
2620 2163 2693 2244 9)
2741 2163 2821 2227 ab

587 2249 726 2330 ipso
757 2249 945 2312 Lullo
989 2247 1336 2313 instructus
1379 2254 1551 2313 esset.
1650 2247 1831 2313 Sicut
1870 2248 2284 2314 Willibatdus
2326 2248 2437 2314 ille
2482 2249 2818 2332 episcopuS,

587 2338 682 2402 ita
727 2344 788 2402 et
825 2336 962 2419 ipse
1005 2359 1038 2402 e
1081 2358 1342 2402 numero
1390 2338 1717 2402 Saxonum
1748 2336 2281 2402 Britannicorum
2324 2343 2464 2402 erat
2481 2339 2522 2418 ⁵,
2555 2337 2631 2403 id
2656 2341 2825 2420 quod
2858 2367 2913 2406 20

589 2449 621 2492 e
688 2425 1052 2492 nominibus
1105 2424 1398 2508 propriis
1465 2427 1544 2491 ab
1622 2447 1691 2490 eo
1768 2425 2025 2490 traditis
2100 2426 2384 2508 coynosci
2450 2427 2822 2492 Edwardus

591 2515 905 2582 Schro'der
946 2514 1050 2580 vir
1095 2513 1466 2598 linquarum
1515 2513 2051 2580 Germanicarum
2085 2513 2518 2596 peritissimus
2561 2537 2688 2598 qua
2732 2521 2824 2581 est

588 2604 988 2685 officiositate
1031 2603 1448 2669 haesitantem
1491 2624 1587 2668 me
1632 2603 1859 2668 docuit.
1942 2603 2187 2670 Auctor
2231 2603 2401 2668 enim
2446 2625 2578 2668 non
2621 2605 2821 2670 solum

585 2693 850 2758 nomina
883 2692 1208 2758 saxonica
1237 2693 1488 2775 inteyra
1517 2692 1795 2757 servavit
1830 2690 1944 2772 (cf.
1980 2694 2601 2770 Ad-Escancastre‚
2644 2695 2820 2758 Lun-

589 2783 932 2859 denwich;
969 2782 1395 2860 Aethelheri,
1423 2782 1801 2858 Beorwa1d‚
1830 2781 2315 2862 Berechbhere‚
2348 2803 2477 2847 acc.
2505 2783 2817 2868 Bynmm,
2858 2812 2911 2851 25

587 2872 1005 2948 Eanberchb,
1055 2871 1179 2936 abl.
1228 2871 1488 2948 Eoban‚
1542 2871 1897 2948 Hunraed‚
1948 2872 2095 2949 Ine,
2130 2872 2585 2955 Torchtwine,
2614 2873 2820 2956 Wyn-

585 2962 852 3036 berem,
911 2979 1051 3040 qen.
1089 2960 1615 3044 WynberchteS,
1658 2957 2053 3044 Wynfribh)‚
2102 2961 2214 3024 sed
2256 2959 2447 3025 etiam
2500 2960 2639 3025 alia
2697 2981 2819 3025 ser-

589 3049 764 3114 moni
830 3048 930 3114 illi
989 3047 1234 3129 aptavit
1249 3049 1290 3129 ⁶,
1349 3048 1514 3112 velut
1555 3049 2025 3114 Aeldebercht
2050 3049 2070 3086 ⁷
2126 3046 2209 3129 (c.
2248 3047 2339 3130 7),
2412 3049 2821 3115 Gundaecer

587 3133 673 3214 (c.
709 3139 780 3222 8)
802 3139 845 3220 ⁸,
889 3159 1032 3220 yen.
1065 3137 1390 3203 Hedenes
1441 3133 1482 3215 (
1473 3159 1517 3203 c.
1553 3139 1625 3221 6)
1647 3139 1689 3217 9,
1738 3138 2151 3202 Raedbodus
2202 3139 2283 3214 (c.
2318 3143 2381 3202 4.
2417 3140 2489 3221 5)
2513 3139 2582 3220 1⁰,
2620 3138 2819 3204 Gaes-

591 3312 644 3382 1)
683 3312 1028 3365 Willibaldus
1063 3312 1096 3366 l.
1137 3312 1190 3376 l.,
1219 3313 1366 3379 prol.
1522 3313 1577 3378 2)
1615 3312 1699 3374 Cf.
1738 3313 1899 3375 infra
1930 3329 1986 3378 p.
2024 3309 2129 3365 XI.
2296 3311 2355 3379 3)
2392 3312 2516 3362 Vita
2553 3311 2827 3376 Bonifatii
2860 3329 2913 3366 30

585 3385 910 3450 Moquntina
945 3401 986 3437 c.
1015 3387 1083 3440 13
1115 3385 1192 3450 (p.
1221 3385 1368 3448 105).
1493 3383 1552 3450 4)
1592 3383 1678 3446 Cf.
1716 3384 1875 3446 infra
1902 3399 1961 3449 p.
1987 3382 2143 3436 LIX.
2272 3381 2327 3450 5)
2353 3383 2423 3433 Id
2446 3384 2586 3448 quod
2608 3385 2823 3435 coniecit

601 3455 956 3521 Wattenbach,
985 3454 1527 3521 ‘Geschichtsquellen’
1549 3455 1585 3504 I
1601 3453 1635 3520 ⁷,
1658 3473 1714 3521 p.
1737 3457 1856 3510 151.
1980 3453 2036 3523 6)
2064 3455 2145 3505 De
2171 3453 2343 3506 codice
2368 3456 2397 3508 1
2428 3455 2498 3517 cf.
2517 3470 2579 3520 p.
2598 3454 2819 3507 XLIII.

583 3527 644 3591 7)
682 3525 997 3578 Haereticus
1031 3527 1124 3577 ille
1157 3527 1373 3578 natione
1413 3526 1608 3578 Gallus
1659 3527 1833 3592 (epist.
1872 3527 1958 3590 59,
2003 3541 2063 3591 p.
2102 3526 2231 3592 317)
2279 3527 2340 3576 in
2380 3525 2623 3590 epistulis
2658 3525 2821 3576 Boni·

589 3598 822 3660 fatianis
857 3603 1160 3650 constanter
1196 3595 1610 3664 Aldeber(c)tus
1648 3597 1816 3662 audit,
1868 3611 1978 3648 uno
2016 3596 2122 3647 loco
2158 3601 2368 3662 excepto
2418 3611 2519 3662 quo
2556 3593 2823 3648 Eldebert

589 3669 782 3735 leyitur
818 3675 920 3734 (ep.
959 3671 1046 3733 59,
1085 3685 1142 3736 p.
1179 3670 1301 3733 317,
1338 3671 1452 3730 29),
1489 3668 1725 3734 idemque
1758 3669 1819 3718 in
1856 3667 2153 3734 capitulari
2186 3667 2552 3718 Sues-sionensi
2584 3674 2661 3731 (a.
2690 3669 2823 3730 744)
2860 3682 2923 3722 35-

589 3753 628 3793 c.
657 3742 707 3793 2.
737 3741 768 3792 7
798 3739 952 3806 (ΜΘ.
981 3740 1217 3792 Concilia
1242 3740 1323 3805 II,
1351 3743 1422 3794 34
1437 3755 1512 3806 sq.
1551 3740 1629 3794 ed.
1666 3740 1735 3792 A.
1769 3738 2179 3806 Werminyhoff)
2215 3735 2553 3790 Adlabertus
2587 3744 2821 3792 vocatur.

589 3811 722 3862 Cum
749 3810 1058 3862 Willibaldo
1089 3813 1324 3862 convenit
1351 3811 1510 3863 codex
1541 3825 1805 3861 canonum
1831 3809 2284 3876 Wirziburyensis
2315 3826 2369 3874 p.
2396 3811 2483 3872 40,
2518 3826 2574 3862 n.
2599 3812 2651 3872 3,
2686 3825 2723 3860 a
2744 3826 2825 3860 me

581 3884 808 3946 citatus,
862 3884 956 3948 qui
1003 3883 1133 3934 olim
1177 3885 1440 3934 sociorum
1481 3881 1558 3932 vel
1591 3881 1980 3946 discipulorum
2016 3881 2292 3944 Bonifatii
2343 3883 2525 3944 fuerat
2540 3896 2563 3942 ;
2617 3881 2714 3931 ubi
2762 3881 2824 3930 de

586 3950 991 4006 Heldeberthto
1027 3955 1229 4018 ayitur.
1373 3953 1430 4020 8)
1474 3953 1651 4005 Germ
1680 3949 2099 4004 Gundwacchar
2128 3954 2235 4015 (ita
2271 3953 2381 4005 cod.
2412 3953 2481 4018 1),
2520 3952 2821 4017 Anylosaoe.

582 4021 918 4090 Guthaecer,
954 4026 1032 4075 ita
1067 4029 1128 4075 ut
1163 4025 1352 4087 forma
1386 4041 1423 4074 a
1461 4023 1769 4074 Willibaldo
1804 4022 2046 4073 adhibita
2082 4039 2150 4074 σω
2184 4028 2414 4088 utraque
2464 4024 2651 4089 linqua
2702 4037 2823 4073 con-
2858 4037 2913 4076 40

582 4097 723 4160 flata
759 4110 865 4148 esse
899 4095 1157 4150 videatur.
1285 4096 1338 4162 9)
1370 4095 1670 4160 Thurinyis
1694 4091 1971 4159 Hedane8‚
1995 4090 2271 4160 Hedine83
2310 4099 2543 4146 attamen
2578 4094 2741 4146 etiam
2764 4095 2824 4144 in

583 4166 792 4218 chartis
812 4166 1159 4218 Willibrordo
1183 4168 1434 4218 concessis
1457 4166 1573 4217 dux
1590 4162 1857 4216 Hedenus
1881 4169 2095 4216 vocatus
2117 4171 2194 4216 est
2218 4164 2340 4230 (SS.
2360 4165 2587 4231 XXIII,
2610 4167 2695 4220 55.
2722 4165 2823 4231 60;

588 4237 933 4302 Dohenecker,
970 4237 1193 4303 Reyesta
1228 4237 1560 4303 Thurinyiae
1587 4237 1635 4301 Ι,
1676 4236 1830 4300 1896,
1867 4250 1922 4289 n.
1961 4237 2010 4290 5.
2051 4237 2127 4300 7),
2164 4237 2387 4302 itemque
2422 4238 2482 4287 in
2516 4235 2825 4288 nominibus

592 4309 822 4360 locorum
855 4309 1154 4374 compositis
1177 4305 1458 4360 Hedones·
1492 4307 1727 4359 occurrit
1756 4306 2155 4372 (Forstemann,
2190 4307 2571 4360 ‘Altdeutsches
2595 4307 2824 4358 Namen-

589 4378 742 4436 buch’
777 4378 892 4442 11²,
931 4381 1073 4446 783).
1258 4377 1346 4447 10)
1398 4377 1544 4430 Haec
1592 4393 1713 4431 vero
1762 4378 1945 4440 forma
1993 4379 2155 4430 etiam
2196 4379 2270 4430 ad
2311 4379 2573 4431 Fresones
2621 4379 2828 4441 referri
2859 4390 2913 4430 45

583 4455 764 4517 potest.
2229 4464 2233 4468 ·
