3167 5192
445 516 691 573 VITAE.
725 516 1129 574 BONIFATII
1164 517 1525 574 AUCTORE
1562 518 1872 574 OTLOHO
1908 518 2146 575 LIBER
2170 519 2215 577 1.
2351 525 2453 580 149

209 704 533 784 punctu&
583 722 820 766 omnes
868 701 994 766 snb
1042 702 1331 786 imperio
1378 723 1502 766 suo
1556 703 1907 786 degentes,
1971 703 2182 768 laicos
2243 704 2450 770 simul
2471 693 2777 788 ⁶²²”2f3ssffl‘

210 793 283 854 et
331 790 636 865 clm-iem,
686 811 727 855 a
781 791 1115 874 religione
1176 792 1555 855 christiana
1612 793 1967 857 deviantes
2027 797 2170 856 tam
2230 794 2450 876 regali

209 899 415 961 quam
480 880 811 944 canonica
864 881 1283 945 auctoritate
1344 881 1433 944 ad
1492 880 1675 945 viam
1744 881 2062 945 iusticias
2130 903 2449 949 revocare

209 968 503 1031 studuit.
580 968 1019 1052 Precipiebab
1064 969 1267 1047 enim,
1317 974 1417 1047 ut,
1463 973 1809 1034 conventu
1840 970 2154 1054 synodali
2183 970 2447 1049 habito,

140 1076 171 1115 5
209 1056 306 1120 ibi
356 1057 587 1142 omnia.
631 1057 827 1121 iuxta
874 1078 1217 1121 canonum
1261 1059 1543 1123 decreta,
1602 1058 2130 1142 corrigerentur.
2237 1058 2448 1125 Cuius

207 1146 537 1208 nimirum
596 1149 975 1210 conventus
1036 1146 1383 1231 synodalis
1442 1149 1743 1225 statuta,
1805 1148 1968 1231 quia
2026 1169 2166 1212 non
2226 1149 2448 1213 solum

208 1233 655 1312 secularibus
719 1236 838 1300 sed
886 1236 1097 1300 etiam
1153 1235 1634 1321 ecclesiasticis
1694 1237 2075 1301 rectoribus
2137 1238 2448 1303 emenda-

208 1323 515 1387 tionem³
601 1344 922 1407 magnam
1012 1326 1195 1389 ferre
1272 1325 1626 1403 videntur,
1711 1329 1918 1409 prout
1993 1326 2067 1389 in
2143 1327 2446 1410 antiquis

208 1412 715 1496 exemplaribus
786 1412 1045 1497 scripta,
1110 1414 1531 1490 invenimus,
1603 1414 1716 1479 hic
1788 1434 2038 1497 ponere
2107 1415 2441 1480 volumus,

110 1522 169 1559 ιο
208 1500 321 1565 Sic
369 1502 554 1565 enim
600 1502 859 1586 scripta
902 1502 1352 1567 inveniuntur
1372 1502 1415 1564 ¹.

420 1590 572 1669 (36).
666 1591 745 1654 In
798 1596 1025 1655 nomine
1080 1596 1299 1655 domini
1354 1597 1541 1655 nostri
1599 1597 1733 1656 Iesu
1795 1595 2016 1655 Christi
2070 1586 2208 1673 eyob
2261 1598 2443 1659 Karl·
2461 1617 2686 1666 sptem&

203 1684 489 1743 mannus⁰
566 1685 690 1743 dux
762 1689 817 1743 et
879 1686 1157 1758 princeps
1231 1685 1597 1744 Francorum
1670 1705 1819 1745 anno
1895 1686 1968 1745 ab
2046 1688 2445 1747 incarnatione

204 1772 517 1833 Domini
574 1772 955 1844 DGGXLH,
1022 1764 1189 1832 XI.d
1240 1774 1382 1833 Kal.
1444 1774 1603 1833 Maii
1661 1792 1786 1833 cum
1849 1776 2084 1835 consilio
2149 1794 2443 1835 servorum

205 1861 323 1920 Dei
368 1867 422 1921 et
466 1863 806 1936 optimatum
850 1881 1102 1922 meorum
1146 1864 1455 1937 episcopos,
1500 1864 1602 1937 qui
1644 1864 1709 1922 in
1751 1883 1924 1939 reyno
1969 1883 2088 1924 meo
2123 1870 2275 1935 sunt,
2315 1883 2442 1925 cum

110 1964 167 2003 15
193 1952 541 2023 presbiteris
585 1951 663 2010 ad
708 1952 1008 2011 concilium
1052 1957 1106 2010 et
1134 1952 1411 2024 synodum
1445 1970 1562 2025 pro
1594 1953 1798 2011 timore
1833 1951 2053 2011 Christi
2083 1954 2440 2029 eonyreyavi,

202 2040 271 2098 id
314 2044 397 2099 est
440 2040 817 2111 Bonifatium
861 2041 1367 2114 archiepiscopum,
1414 2040 1868 2115 Buryhardum³
1909 2047 1964 2100 et
2003 2042 2439 2116 Reyinfridum‚

215 2128 536 2187 Wittanum
553 2117 579 2160 f
660 2134 715 2188 et
802 2130 1268 2200 Willibaldumss',
1364 2128 1683 2188 Dadanum
1772 2136 1825 2189 et
1911 2130 2221 2191 Addanum
2317 2150 2442 2190 cum

193 2218 541 2292 presbiteris
583 2237 797 2288 eorum,
843 2222 909 2277 ut
952 2218 1097 2277 mihi
1141 2219 1440 2277 consilium
1484 2208 1836 2289 dedissenth‚
1883 2220 2154 2294 quomodo
2200 2221 2296 2279 lex
2324 2219 2442 2279 Dei

203 2312 259 2365 et
304 2306 691 2366 christian
706 2326 745 2366 a
788 2307 991 2382 reliyio
1035 2312 1399 2380 recuperetur
1414 2296 1432 2337 i
1449 2354 1468 2378 ,
1500 2327 1644 2382 quae
1688 2309 1752 2366 in
1796 2309 1991 2367 diebus
2024 2310 2441 2383 preteritorum

108 2409 166 2447 20
193 2395 534 2469 principum
593 2395 881 2469 dissipata
932 2396 1171 2467 corruit,
1233 2401 1287 2454 et
1344 2397 1594 2470 qualiter
1641 2398 1894 2470 populus
1954 2398 2302 2457 christianus
2363 2398 2442 2457 ad

200 2484 445 2544 salutem
488 2484 717 2543 animae
749 2485 1057 2560 pervenire
1094 2486 1282 2559 possit
1325 2474 1420 2543 etk
1445 2503 1561 2558 per
1607 2487 1791 2555 falsos
1834 2486 2152 2545 sacerdotes
2181 2486 2440 2560 deceptus

198 2592 315 2631 non
349 2562 619 2647 pereatk.

419 2661 690 2737 Itaque
768 2680 881 2736 per
956 2663 1254 2721 consilium
1328 2662 1686 2722 sacerdotum
1765 2663 2311 2737 reliyiosorum
2385 2669 2439 2722 et

200 2751 543 2825 optimatum
608 2770 861 2810 meorum
919 2751 1313 2811 ordinavimus
1368 2769 1483 2824 per
1542 2751 1800 2810 civitates
1855 2752 2144 2826 episcopos
2203 2757 2256 2812 et
2314 2771 2436 2811 con.-

106 2853 163 2892 25
199 2839 493 2898 stituimus
544 2857 717 2914 super
761 2857 852 2900 eos
910 2840 1398 2914 archiepiscopum
1440 2840 1837 2912 Bonifatium,
1897 2842 1998 2915 qui
2056 2829 2172 2900 est¹
2231 2842 2440 2900 missus

198 2929 390 2987 sancti
442 2928 628 2988 Petri.
737 2927 1057 2989 Statuimus
1114 2948 1149 3003 q
1164 2948 1203 2989 u
1217 2948 1250 2987 o
1264 2948 1299 3003 q
1312 2948 1351 2987 u
1366 2948 1395 2987 e
1441 2947 1556 3002 per
1615 2947 1794 2988 annos
1850 2930 2103 3005 singulos
2159 2930 2438 3004 synodum

200 3018 625 3092 conqreyarim,
684 3022 749 3077 ut
808 3019 973 3077 nobis
1027 3018 1388 3092 presentibus
1445 3036 1722 3077 canonum
1779 3019 2004 3078 decreta
2069 3023 2123 3078 et
2179 3020 2440 3095 ecclesiae

200 3106 340 3165 iura
382 3107 821 3166 restaurent-urn
873 3112 928 3165 et
970 3107 1175 3181 reliqio
1222 3107 1543 3166 christiana
1589 3108 1926 3167 emendetur.

418 3195 795 3254 Fraudatas⁰
862 3196 1141 3271 pecunias
1214 3196 1579 3277 ecclesiarum
1645 3197 1892 3274 ecclesiis
1964 3198 2318 3256 restituimus
2385 3203 2440 3257 et

106 3298 164 3336 30
198 3284 638 3358 reddidimus1’;
722 3284 908 3355 falsos
971 3284 1323 3359 presbiteros
1399 3289 1453 3344 et
1528 3285 1817 3345 adulteros
1894 3286 1978 3344 vel
2054 3286 2439 3357 fornicatores

199 3373 471 3432 diaconos
514 3377 569 3431 et
611 3374 846 3433 clericos
890 3373 959 3432 de
1005 3373 1270 3447 pecuniis
1312 3374 1677 3451 ecclesiarum
1735 3375 2071 3433 abstulimus
2129 3380 2183 3433 et
2240 3375 2436 3450 deyra-

200 3462 466 3520 davimus
508 3466 563 3521 et
607 3462 685 3521 ad
726 3462 1101 3542 penitentiam
1145 3462 1440 3537 coeyimus.

418 3548 561 3609 Serv
574 3569 651 3611 os
694 3550 812 3610 Dei
859 3570 973 3625 per
1026 3552 1221 3610 omnia
1278 3550 1577 3610 omnibusq
1637 3555 2000 3610 armaturam
2049 3556 2295 3625 portare
2351 3553 2440 3611 vel

190 3656 461 3714 puynare
524 3645 627 3699 aut
682 3640 747 3699 in
813 3640 1125 3700 eaeercitum
1190 3645 1245 3698 et
1308 3640 1375 3698 in
1440 3641 1653 3699 hostem
1708 3658 1948 3714 peryere
2011 3640 2240 3700 omnino
2298 3659 2437 3715 pro·

105 3740 162 3780 35
200 3727 508 3798 tabuimus,
554 3729 673 3787 nisi
717 3730 851 3787 illos
896 3728 1303 3798 tantummodO,
1350 3729 1451 3803 qui
1484 3733 1733 3802 propter
1777 3728 2039 3787 divinum
2082 3730 2437 3803 mysterium,

200 3817 511 3876 missarum
526 3818 551 3848 ¹·
604 3818 820 3876 scilicet
870 3818 1167 3877 sollemnia
1210 3818 1579 3892 adimplenda
1623 3822 1678 3876 et
1719 3822 2045 3877 sanctorum
2079 3819 2438 3893 patrocinia,

416 3967 517 4009 VII.
572 3968 707 4017 Gapp.
735 3967 804 4007 85.
832 3967 899 4009 36.
965 3968 1005 4006 1.
1036 3967 1103 4010 2α.
1118 3967 1204 4011 b.c.

202 4045 249 4098 a)
280 4047 345 4085 ita
373 4048 421 4097 13
450 4045 841 4098 &modificationem
869 4057 930 4089 m.
953 4048 1160 4087 conferre
1187 4056 1319 4095 posse
1348 4046 1437 4089 vid.
1466 4047 1563 4087 rell.
1691 4048 1735 4099 b)
1769 4058 1849 4091 om.
1878 4050 1941 4091 2ο.
2067 4051 2108 4097 c)
2135 4050 2200 4088 ita
2218 4059 2295 4098 pr.
2325 4059 2382 4088 m.
2415 4049 2438 4088 1

199 4111 297 4139 cum
316 4100 482 4148 Epist.,·
508 4101 840 4139 Karlomannus
868 4101 963 4140 rell.
1074 4098 1120 4151 d)
1150 4097 1387 4139 undecima
1405 4098 1636 4139 Kalendas
1656 4101 1747 4140 Mai
1774 4102 1841 4143 2b.
1947 4100 1991 4151 e)
2018 4101 2082 4141 ita
2109 4102 2184 4152 2a3
2215 4102 2440 4142 Bur-char·

104 4156 162 4195 40
200 4154 309 4191 dum
335 4154 431 4197 rell.
536 4154 572 4202 ί)
590 4153 821 4194 Witanum
839 4154 915 4202 (1).
936 4155 977 4193 3.
1087 4156 1131 4201 g)
1148 4151 1458 4193 williboldum
1478 4155 1545 4196 sa.
1654 4154 1702 4201 h)
1730 4152 1891 4193 darent
1909 4156 1976 4195 2b.
2086 4156 2120 4203 i)
2147 4159 2439 4205 recuperatur

202 4210 242 4256 1,
271 4217 384 4249 corr.
511 4207 559 4259 k)
591 4208 655 4245 ita
682 4209 731 4258 13
761 4207 918 4257 possit,
948 4207 1026 4255 qui
1052 4217 1136 4256 per
1162 4207 1195 4245 1.
1224 4218 1261 4248 ε.
1293 4206 1523 4255 hucusque
1552 4207 1765 4257 deceptus
1795 4213 1876 4247 est.
1905 4208 2068 4257 Itaque
2094 4210 2191 4250 rell.
2317 4208 2346 4257 1)
2377 4220 2437 4248 m.

202 4264 272 4299 est
300 4261 365 4299 20.
494 4260 556 4311 m)
584 4270 860 4310 congregare
887 4260 936 4299 20
964 4270 1061 4299 cum
1086 4260 1225 4309 Epist.
1364 4259 1412 4309 n)
1440 4264 1806 4301 restaurarentur
1834 4262 1874 4310 1,
1905 4272 2018 4301 corr.
2157 4261 2201 4312 ο)
2229 4259 2440 4302 fraudata

201 4314 241 4363 1,
272 4324 383 4356 corr.
490 4316 537 4363 p)
565 4312 795 4353 reddlmus
824 4315 885 4353 20.
996 4312 1045 4366 q)
1071 4314 1268 4361 aliquam
1287 4324 1375 4361 pro
1404 4314 1608 4353 omnibus
1637 4316 1676 4354 1.
1787 4315 1825 4365 r)
1854 4326 1939 4354 om.
1973 4316 2010 4355 1.

203 4429 257 4493 1)
320 4427 479 4494 Jaffef
527 4444 581 4482 n·
619 4430 689 4483 47
742 4431 820 4495 (p.
875 4430 1045 4491 127)‚·
1096 4429 1381 4481 Dammler
1427 4445 1480 4484 n.
1520 4432 1590 4485 56
1641 4432 1718 4497 (p.
1755 4432 1920 4491 309),·
1977 4431 2250 4495 Boram,
2307 4431 2437 4486 Ma.

108 4511 163 4550 45
204 4500 545 4567 Caffltularia
582 4499 629 4563 I,
669 4501 756 4565 24,
802 4516 856 4555 n.
898 4503 981 4555 10.
1032 4502 1132 4561 11,·
1174 4498 1579 4568 We‘miinyhoff',
1617 4501 1748 4556 ΜΘ.
1787 4501 2022 4554 Cone-ilia
2059 4502 2138 4567 II,
2184 4520 2239 4570 p.
2280 4505 2438 4559 1-7,
