3167 5192
1177 501 1636 558 PRAEFATIO.
2417 501 2523 557 LV

269 679 420 764 (fol.
458 683 652 767 310‘),
701 685 920 749 ultimo
967 687 1095 751 loco
1141 685 1252 764 fol.
1289 683 1706 748 305‘—310‘.
1792 684 2005 748 Vitam
2047 685 2150 748 II.
2190 683 2525 763 Bonifatii

272 772 579 854 continet,
641 776 790 838 dum
853 775 963 853 fol.
1029 772 1364 837 53¹—57‘.
1471 773 1621 838 Vita
1680 774 1833 837 III.
1895 772 2171 838 eiusdem
2230 773 2459 855 leqitur
2478 774 2521 836 ¹.

291 860 646 944 Utramque
699 862 1010 928 librarius
1065 863 1140 928 in
1199 862 1408 927 indice
1467 861 1667 927 codici
1713 864 2012 943 praefixo
2075 863 2283 926 eodem
2341 865 2523 928 modo

274 951 716 1015 enumeravi-t:
761 953 996 1017 Passio
1045 953 1268 1017 sancti
1315 952 1662 1015 Bonifacii
1710 952 2012 1035 episcopi
2058 955 2129 1016 et
2183 953 2521 1016 sociorum

197 1062 228 1099 5
275 1042 453 1118 eiUS,
523 1042 634 1104 sed
692 1040 874 1105 Vitae
933 1042 1242 1106 secundae
1290 1039 1604 1121 potiorem
1663 1039 2097 1104 auctoritatem
2153 1039 2518 1122 vindicavit,

275 1130 568 1192 addens:
613 1130 764 1195 Hee
812 1131 1062 1194 ultima
1107 1130 1405 1193 multum
1452 1129 1717 1193 melior.

505 1232 610 1312 212)
686 1234 894 1301 Codex
944 1234 1532 1300 Bruxellensis
1594 1257 1659 1299 n.
1718 1240 2087 1315 380-382,
2148 1256 2306 1299 saec.
2362 1235 2519 1316 XV,

279 1323 435 1386 olim
504 1324 638 1404 (fol.
701 1327 759 1402 1)
827 1325 1001 1389 liber
1063 1325 1462 1389 monasberii
1519 1323 2020 1388 Canonicorum
2074 1324 2521 1407 Regularium

280 1413 508 1477 Vallis
587 1416 809 1478 sancti
884 1415 1172 1478 Martini
1246 1415 1319 1476 in
1389 1414 1728 1488 Lovanio,
1809 1414 2103 1477 collabus
2182 1415 2402 1478 eidem
2482 1435 2521 1476 a

176 1525 236 1561 10
278 1503 622 1566 fratribus
671 1503 1158 1568 Swollensibus
1218 1505 1291 1566 in
1352 1503 1734 1566 subsidium
1793 1502 2225 1566 fundationis
2282 1504 2519 1586 prime,

277 1590 397 1668 fol.
450 1592 755 1672 54‘—58,
796 1592 1056 1674 proloqo
1103 1591 1178 1672 (c.
1236 1589 1430 1669 1—5)
1477 1596 1667 1655 caret.

503 1697 597 1780 20)
680 1697 885 1762 Codex
952 1697 1211 1762 Rheno·
1235 1696 1804 1761 Traiectensis
1875 1696 2097 1761 Sancti
2163 1697 2519 1762 Salvatoris

277 1787 364 1849 ab
412 1786 820 1851 Henschenio
867 1786 1211 1867 adhibitus,
1260 1786 1390 1868 qui
1416 1785 1600 1850 hodie
1646 1786 1811 1866 latet,
1861 1805 2055 1865 aeque
2101 1792 2319 1866 atque
2332 1793 2416 1849 2a
2462 1792 2522 1890 et

277 1875 452 1938 hanc
512 1874 725 1939 Vitam
769 1874 1103 1955 Bonifatii
1149 1881 1207 1939 et
1251 1875 1501 1939 tertiam
1547 1837 1920 1939 continebat.

177 2005 236 2042 15
498 1982 795 2046 Eandem
855 1982 1066 2046 Vitam
1135 1982 1366 2063 absque
1423 1982 1688 2063 proloyo
1752 1977 1867 2058 (=
1931 2003 1978 2046 c.
2035 1990 2169 2045 1——
2188 1985 2259 2064 5)
2331 1981 2521 2045 etiam

275 2069 649 2134 Bollandus
672 2092 894 2152 ’νέχῃνεφ
894 2077 1034 2135 erat
1053 2071 1127 2135 in
1151 2071 1357 2136 codice
1381 2070 1710 2135 cuiusdam
1730 2070 2001 2135 Domini
2028 2070 2518 2152 Schenckinq,

275 2158 379 2221 uti
423 2180 546 2222 sua
589 2181 786 2224 manu
832 2159 1089 2240 notavit,
1137 2159 1545 2224 Hensehenio
1594 2162 1781 2224 teste2
1785 2206 1800 2221 .

509 2264 766 2332 Codices
812 2273 916 2330 ·2a.
952 2266 1007 2329 b.
1041 2288 1072 2331 c
1118 2287 1195 2330 ex
1223 2268 1449 2330 eodem
1493 2265 1840 2346 exemplari
1887 2267 2182 2348 pendere,
2248 2288 2383 2330 cum
2446 2287 2524 2331 ex

278 2353 438 2418 aliis
484 2354 638 2418 locis
681 2355 896 2419 multis
940 2354 1327 2435 intelleyitur
1368 2360 1497 2419 tum
1545 2375 1623 2418 eoe
1666 2354 2166 2436 interpolatione,
2230 2376 2389 2436 quae
2448 2355 2521 2420 in

179 2467 239 2504 20
279 2444 450 2507 calce
498 2464 711 2507 eorum
757 2465 788 2508 e
839 2443 990 2508 Vita
1037 2444 1188 2507 III.
1235 2443 1570 2522 Bonifatii
1618 2445 1979 2525 deprompta
2025 2450 2132 2508 est.

500 2549 692 2614 Libri
742 2556 772 2613 1
812 2557 1064 2631 partem
1109 2549 1384 2615 mediam
1431 2550 1897 2629 officiosissime
1933 2549 2017 2613 R.
2050 2551 2335 2614 Ehwald
2376 2573 2432 2614 v.
2467 2572 2516 2615 c.

279 2638 586 2718 contulit,·
645 2640 907 2703 eundem
954 2645 1179 2721 postea
1230 2638 1366 2722 ipse
1419 2645 1610 2703 totum
1669 2638 1881 2720 evolvi,
1946 2639 2057 2719 qui
2108 2639 2296 2702 etiam
2345 2644 2448 2702 2a.
2484 2640 2518 2702 b

280 2727 538 2808 contuli,
586 2730 699 2792 sed
738 2729 969 2792 menda
1013 2727 1429 2792 librariorum
1476 2735 1579 2792 2a.
1616 2729 1651 2791 b
1697 2727 2060 2809 sinqularia
2106 2728 2417 2792 nonnulla
2446 2728 2519 2791 in

280 2823 668 2897 apparatum
713 2837 843 2881 non
889 2816 1144 2881 admisi.
1230 2818 1489 2880 Textum
1519 2815 1915 2881 simillimum
1947 2822 2022 2880 2c
2051 2816 2123 2881 in
2151 2816 2519 2881 universum

183 2928 240 2966 25
279 2926 414 2969 non
483 2905 721 2969 curavi.
840 2906 1235 2987 Quamquam
1304 2905 1542 2970 codices
1611 2912 1858 2970 nostros
1925 2905 1998 2968 in
2066 2907 2251 2970 rebus
2320 2906 2517 2969 ortho-

274 2993 609 3075 9raphicis
677 2996 756 3059 ab
827 3015 975 3058 aevo
1043 2993 1322 3058 auctoris
1388 2994 1547 3058 satis
1615 2993 1976 3075 discrepare
2030 3001 2239 3076 patet,
2310 3001 2519 3059 tamen

281 3082 802 3164 orthoyraphiam
886 3082 1116 3148 codicis
1197 3091 1228 3148 1
1317 3083 1679 3147 vetustiori-s
1768 3083 2076 3148 intactam
2166 3083 2519 3165 relinquere

278 3171 488 3235 visum
535 3178 641 3235 est.
2448 3209 2453 3222 =

499 3260 672 3324 Pars
732 3261 912 3325 Vitae
969 3260 1178 3325 media
1233 3258 1304 3343 (c.
1357 3259 1596 3342 6—17)
1657 3283 1688 3326 e
1748 3260 1953 3325 codice
2014 3267 2099 3324 2α
2157 3263 2519 3343 deprompta

189 3373 242 3411 30
293 3347 595 3413 Coloniae
627 3349 796 3415 edita
827 3356 916 3414 est
945 3373 1005 3414 a.
1039 3355 1226 3414 1483.
1262 3349 1336 3414 in
1368 3349 1710 3432 afflendice
1744 3351 2075 3431 Leyendae
2106 3349 2380 3430 Aureae,
2415 3349 2518 3415 cui

279 3437 436 3502 haec
465 3437 782 3519 inscripta
811 3445 994 3502 sunt:
1040 3437 1428 3502 Historie
1463 3439 2009 3519 plurimorum
2050 3445 2518 3503 sanctorum

279 3525 528 3590 noviter
586 3527 800 3591 addite
859 3527 1169 3591 laboriose
1229 3528 1469 3592 collecte
1528 3534 1586 3591 et
1642 3527 2075 3609 prolonyate3,
2137 3527 2247 3606 fol.
2300 3533 2518 3592 289-

283 3619 478 3678 290⁴·
449 3615 835 3697 ,inteqram
885 3638 917 3680 e
961 3615 1167 3680 codice
1215 3623 1290 3682 2ο
1333 3616 1542 3698 ipsam
1596 3622 1897 3681 eruerunt
1939 3616 2023 3679 H
2026 3616 2518 3681 enschenius

282 3710 338 3767 et
414 3703 1034 3786 Papebrochius
1116 3705 1155 3768 l.
1235 3705 1275 3769 l.
1341 3727 1412 3786 p.
1470 3711 1857 3770 477—481.
1982 3705 2353 3770 Particulas
2440 3728 2516 3770 ex

185 3929 240 3967 35
283 3915 334 3976 1)
377 3913 438 3966 V.
466 3914 624 3976 infra
652 3931 707 3980 p.
734 3913 947 3968 LVIII.
1008 3914 1241 3966 codicem
1266 3920 1361 3965 aut
1388 3915 1603 3967 eundem
1630 3920 1724 3965 aut
1748 3916 1972 3967 similem
1996 3915 2216 3968 habebat
2240 3917 2514 3982 Serarius,

279 3983 752 4048 Moyuntiacarum
790 4000 974 4035 rerum
1011 3986 1160 4051 libri,
1203 3987 1358 4051 1604,
1391 4003 1449 4052 p.
1477 3988 1616 4040 321.-
1654 3987 1728 4036 ‘E'
1760 4001 1857 4037 suo
1893 3990 2051 4038 etiam
2086 3989 2251 4039 codice
2286 3988 2516 4052 quodam

279 4071 376 4109 ms.
403 4056 544 4105 duas
576 4055 907 4107 exscribendi
931 4057 1088 4108 Vitas
1114 4061 1422 4123 potestatem
1448 4057 1570 4121 fecit
1596 4057 2051 4109 Coloniensis
2080 4059 2516 4110 Carthasiae

285 4125 351 4179 R.
390 4125 454 4180 P.
492 4126 675 4191 Prior,
725 4142 957 4194 quarum
1003 4129 1164 4194 prior
1209 4130 1396 4194 incipit
1445 4127 1723 4180 Incertam
1776 4131 1868 4193 (-=
1920 4129 2045 4181 Vita
2080 4129 2204 4194 II)
2250 4132 2515 4196 posterior

281 4195 578 4263 Postquam
617 4214 749 4266 gens
781 4197 1110 4266 Anglorum’
1145 4201 1240 4263 (=
1283 4199 1406 4249 Vita
1439 4199 1546 4253 III.
1551 4202 1589 4259 ).
1738 4200 1793 4268 2)
1830 4201 1894 4254 L.
1928 4201 2036 4268 lp
2041 4203 2198 4255 .453.
2344 4200 2399 4262 3)
2435 4199 2511 4252 W.

181 4284 242 4321 40
277 4269 346 4321 A.
377 4268 658 4334 Copinyer,
699 4269 1052 4336 ‘Supplement
1088 4274 1140 4321 to
1176 4268 1345 4321 Hain'
1349 4287 1376 4322 s
1412 4269 1787 4338 Repertorium
1824 4270 2329 4337 Biblioyraphicum'
2354 4269 2433 4335 II,
2457 4272 2510 4337 2,

277 4354 332 4389 n.
361 4341 538 4402 6434,·
564 4339 632 4393 Ε.
661 4339 964 4406 Voullieme,
992 4341 1122 4392 Der
1146 4341 1469 4393 Buchdruck
1495 4342 1671 4393 Ko'lns
1693 4342 1771 4393 bis
1793 4358 1918 4392 zum
1942 4343 2095 4393 Ende
2118 4341 2207 4392 des
2232 4344 2313 4396 15.
2341 4308 2515 4394 Ja'hr-

277 4410 582 4476 hunderts’,
637 4413 791 4476 1903,
836 4428 895 4477 p.
934 4379 1057 4476 2'82,
1103 4429 1154 4466 n.
1196 4414 1315 4466 623.
1355 4442 1422 4451 —
1462 4413 1707 4464 Alteram
1743 4413 2015 4464 editionem
2053 4413 2309 4477 (Lovanii
2347 4415 2515 4480 1485)

276 4497 381 4532 non
421 4481 544 4535 vidi.
