3167 5192
738 491 844 545 154
972 486 1219 543 VITAE
1253 486 1658 543 BONIFA'I'II
1691 486 2052 543 AUCTORE
2089 489 2394 547 OTLOHO
2431 489 2672 546 LIBER
2699 490 2744 547 1.

739 669 909 749 Quis
956 671 1140 736 enim
1186 670 1515 737 laicorum
1578 692 1719 736 non
1781 674 2028 755 putat²
2079 674 2211 739 sibi
2268 668 2446 739 iamb
2503 675 2734 752 licere,
2801 674 2978 757 quic-

738 760 905 843 quid
982 759 1265 825 clericos
1334 761 1555 826 cernit
1629 760 1910 827 facere?
1931 760 1954 797 1
2065 763 2267 829 Unde
2334 764 2408 827 in
2475 764 2586 827 his
2655 763 2978 828 omnibus

741 847 1075 913 Karolum
1124 869 1503 933 proponere
1549 869 1911 933 possumus
1957 852 2046 915 ad
2078 852 2488 937 exemplum.
2561 852 2762 917 Sicut
2795 853 2980 917 enim

414 960 547 999 ncces.
566 962 633 1009 44,
650 960 717 999 20.
739 939 924 1001 inter
981 956 1196 1021 reges,
1268 958 1690 1005 successores
1736 939 2062 1007 videlicet
2107 960 2284 1018 suos,
2355 962 2487 1005 non
2545 947 2638 1005 est
2677 939 2981 1005 inventus

738 1024 972 1091 similis
1047 1024 1147 1089 illi
1160 1076 1178 1105 ,
1254 1025 1366 1107 qui
1442 1032 1842 1093 conservaret
1913 1028 2106 1111 legem
2179 1029 2441 1095 Eoecelsi
2454 1080 2472 1111 ‚
2560 1031 2663 1095 ita
2741 1030 2980 1095 nullus
3019 1052 3046 1091 ⁶

739 1135 975 1180 eorum
1024 1121 1179 1199 post
1226 1136 1382 1180 eum
1428 1120 1632 1181 tanta
1675 1116 1897 1200 gloria
1942 1122 2276 1202 tantaque
2335 1120 2651 1204 potentia
2709 1120 2980 1203 potitus

493 1229 551 1268 a.
569 1229 717 1278 39,13.
740 1207 847 1269 est
891 1205 963 1267 in
1012 1206 1143 1270 hoc
1190 1205 1443 1283 seculo,
1492 1206 1874 1288 meritoque
1913 1207 1998 1271 de
2035 1207 2160 1272 illo
2198 1207 2486 1272 dicitur:
2537 1208 2692 1271 Non
2739 1208 2984 1272 recedet
3133 1226 3135 1279 i

736 1291 1041 1357 memoria
1098 1291 1252 1374 eius,
1322 1298 1383 1357 et
1438 1314 1666 1359 nomen
1723 1294 1862 1359 eius
1918 1294 2277 1377 requiretur
2335 1318 2379 1361 a
2433 1294 2850 1377 yeneratione
2911 1294 2982 1359 in
3132 1284 3135 1379 ξ

732 1380 1219 1463 generationem.
3133 1386 3135 1419 ³

952 1484 1103 1571 (39).
1199 1487 1378 1568 Quia
1422 1490 1638 1572 igitur
1685 1491 1950 1555 occasio
1997 1512 2068 1556 se
2112 1491 2277 1555 talis
2324 1492 2619 1576 prebuit,
2671 1495 2754 1555 ut
2805 1513 2982 1556 com·
3017 1514 3064 1552 ιο

737 1582 1197 1642 memorantes
1215 1630 1229 1654 ,
1309 1582 1569 1662 quanta
1644 1579 1886 1662 religio
1963 1580 2090 1644 sub
2167 1582 2472 1707 antiquis
2545 1578 2982 1666 principibus

736 1670 1120 1750 quantave⁰
1204 1668 1423 1732 fuerit
1512 1668 1892 1733 destructio
1968 1670 2320 1752 religionis
2461 1670 2772 1735 eiusdem
2852 1669 2981 1733 sub

738 1756 1103 1830 modernis,
1154 1777 1278 1839 per
1321 1756 1720 1820 huiusmodi
1751 1757 2086 1841 opposita,
2122 1758 2371 1841 quibus
2404 1759 2571 1842 quid
2601 1760 2694 1823 sit
2727 1759 2981 1824 melius

678 1860 689 1869 ·
740 1844 1152 1922 declaratur,
1199 1845 1464 1927 aliquos
1497 1846 1708 1909 etiam
1738 1846 2182 1911 incitaremus
2225 1848 2352 1911 ad⁶
2395 1848 2698 1925 meliora,
2749 1868 2979 1923 nem0,

739 1954 995 2017 precor,
1068 1935 1238 1998 haec
1307 1935 1596 2017 indigna
1664 1934 1852 1999 lectu
1920 1939 1991 1999 et
2061 1936 2306 2000 auditu
2375 1937 2730 2013 decernat,
2806 1930 2973 2001 sedb
3018 1956 3064 1996 15

738 2023 969 2105 potius
1016 2024 1402 2097 attendens,
1453 2024 1512 2086 si
1555 2024 1629 2086 in
1689 2027 1892 2088 tanta
1951 2025 2421 2090 destructione
2479 2018 2638 2090 reu‘s
2699 2027 2980 2103 existat,

740 2112 1035 2194 peniteri
1083 2116 1153 2175 et
1200 2113 1564 2176 emendare
1611 2113 1909 2190 studeat,

882 2200 1041 2263 dum
1092 2200 1333 2264 veniae
1377 2204 1672 2285 tempus,
1721 2195 2065 2267 Dominof
2113 2206 2488 2287 prestante,
2537 2207 2875 2279 tenemuS,

739 2307 825 2352 ne
885 2288 1071 2353 forte
1090 2340 1104 2366 ,
1167 2290 1610 2373 preoccupati
1671 2290 1783 2355 die
1842 2292 2084 2355 mortis
2103 2342 2118 2369 ,
2189 2312 2596 2374 quaeramus
2665 2293 2982 2375 spacium

739 2378 1163 2463 penitentiae
1212 2381 1283 2441 et
1327 2379 1636 2443 invenire
1681 2399 1822 2442 non
1867 2380 2226 2464 possimus.
2321 2381 2457 2445 Sed
2503 2382 2590 2446 de
2636 2381 2745 2444 his
2806 2382 2982 2444 satis
3019 2401 3065 2441 πο

740 2466 1041 2545 dictum;
1088 2470 1515 2531 revertamur
1547 2468 1733 2531 iamg
1771 2469 1858 2532 ad
1888 2470 2150 2553 incepti
2182 2464 2555 2534 sermonish
2593 2470 2979 2535 exordium.
3129 2500 3136 2699 1

954 2568 1105 2656 (40).
1213 2573 1388 2637 Cum
1457 2593 1621 2658 ergo
1690 2568 2138 2639 Karlmanni¹
2221 2580 2544 2661 precepto
2615 2577 2981 2659 sanctique

740 2662 1081 2727 Bonifatii
1126 2663 1413 2727 consilio
1467 2663 1816 2747 synodalis
1877 2668 2254 2729 conventus
2314 2666 2708 2742 haberetur,
2769 2666 2984 2729 multi
3133 2722 3135 2741 ,

738 2752 836 2816 ibi
884 2773 1022 2816 non
1069 2752 1290 2816 solum
1338 2752 1570 2817 clerici
1616 2752 1911 2835 quilibet
1957 2754 2263 2818 heretica
2309 2755 2654 2837 pravitate
2702 2755 2985 2837 decepti
3132 2748 3135 2873 1

740 2839 826 2904 ab
877 2841 1203 2923 ecclesia-e
1252 2842 1731 2905 communione
1779 2841 2322 2925 expellebantur,
2385 2843 2507 2907 sed
2567 2844 2776 2907 etiam
2842 2845 2984 2928 epi·
3019 2861 3064 2901 25
3133 2874 3135 2923 q

739 2930 946 3012 scopi,
1043 2930 1115 2992 ui
1161 2951 1285 3012 pro
1334 2930 1565 3013 aliqua
1612 2930 1929 3014 capitalis
1977 2932 2279 2996 criminis
2325 2933 2598 2996 macula-
2630 2932 2983 2997 diffamati
3133 2928 3135 2947 '

737 3018 1021 3081 fuerant
1073 3069 1088 3095 ,
1140 3018 1682 3101 deponebantur.
1763 3020 2026 3084 Erroris
2074 3025 2305 3085 autem
2350 3022 2589 3099 totius,
2639 3023 2758 3105 qui
2803 3026 2980 3086 tunc

738 3108 812 3169 in
883 3105 1254 3171 Germania
1322 3102 1782 3186 excreverat¹‚
1856 3110 2193 3173 maximim
2256 3111 2580 3174 fuerantn
2657 3108 2978 3175 auctores

738 3195 876 3259 duo
937 3196 1255 3274 heretici,
1319 3216 1609 3279 quorum
1669 3218 1851 3260 unus
1913 3197 2254 3276 Clemens,
2319 3200 2496 3263 alter
2554 3220 2716 3263 vero
2779 3200 2978 3265 Elde-

738 3283 1015 3348 bertus⁰
1051 3283 1413 3349 dicebatur
1431 3286 1473 3346 ².
1544 3284 1650 3349 De
1683 3286 1932 3369 quibus
1964 3289 2420 3370 postmodum,
2457 3310 2612 3352 cum
2647 3288 2978 3373 epistolas
3013 3306 3056 3344 3⁰

738 3374 826 3437 ad
865 3374 1267 3438 Zachariam
1313 3395 1562 3459 papam
1610 3376 1850 3438 missas
1897 3376 2205 3459 proferre
2253 3378 2651 3461 ceperimuS,
2703 3378 2979 3442 dicetur

738 3465 1261 3547 congruentius;
1310 3464 1383 3526 in
1430 3464 1538 3526 his
1586 3464 1768 3528 enim
1802 3465 2023 3527 omnis
2055 3485 2290 3529 eorum
2323 3466 2684 3529 mortifera
2715 3468 2976 3531 heresis

736 3551 1113 3637 replicatur
1128 3553 1171 3614 3.
1243 3551 1540 3631 Quidam
1589 3553 1798 3615 etiam
1847 3554 2206 3637 episcopus
2253 3556 2528 3619 nomine
2564 3555 2972 3633 Gewiliobp,

952 3780 1051 3823 VII.
1106 3780 1239 3829 Oapp.
1271 3780 1443 3819 38—40.
1510 3782 1546 3822 1.
1574 3780 1754 3819 2a.b.e.

736 3889 782 3934 a)
808 3892 939 3936 putet
966 3887 1032 3927 2b.
1145 3886 1191 3936 b)
1220 3897 1302 3925 orn.
1334 3888 1398 3925 2⁶.
1509 3885 1549 3935 c)
1577 3888 1644 3924 ita
1669 3884 1746 3938 (1).
1777 3886 1824 3937 33
1855 3891 2112 3935 quantaque
2141 3888 2235 3926 rell.
2355 3885 2400 3935 d)
2430 3888 2494 3925 ita
2522 3888 2561 3927 1.
2593 3888 2641 3937 33
2674 3888 2730 3927 ei.
2763 3888 2844 3929 rel.
2877 3890 2970 3928 rell.
3005 3888 3048 3929 35

736 3943 778 3989 e)
816 3950 1029 3989 superscr.
1061 3940 1127 3979 2b.
1239 3941 1273 3986 1')
1310 3945 1513 3978 tenemus
1541 3941 1598 3979 D.
1629 3951 1697 3989 pr.
1729 3940 1794 3980 2b.
1908 3940 1951 3991 g)
1989 3940 2052 3977 ita
2080 3940 2185 3990 1(⁴?).
2208 3942 2256 3989 33
2296 3952 2377 3981 om.
2409 3942 2506 3979 rell.
2632 3941 2684 3993 h)
2723 3942 2876 3991 operis
2906 3944 2969 3980 2⁶.

734 3994 770 4039 i)
796 3993 860 4031 ita
879 4004 955 4042 pr.
987 4004 1045 4032 m.
1076 3994 1125 4041 13
1156 3992 1451 4031 Karlomanni
1478 3994 1575 4034 rell.
1667 3993 1716 4043 k)
1745 3997 1875 4031 erant
1903 3996 1942 4033 1.
1974 3993 2012 4033 3.
2101 3994 2133 4044 l)
2163 3998 2427 4033 exercuerat
2453 3994 2515 4033 2⁶.
2601 3993 2662 4045 m)
2689 3996 2885 4034 maxime
2905 3996 2966 4035 222.

736 4045 785 4097 n)
812 4048 997 4087 fuerunt
1025 4047 1093 4085 2a.
1116 4047 1157 4084 b.
1178 4056 1214 4085 c.
1299 4046 1342 4096 o)
1371 4048 1433 4083 ita
1460 4047 1527 4084 212.
1544 4056 1579 4085 c.
1597 4056 1632 4085 e.
1654 4046 1700 4095 ὃς
1729 4043 1874 4085 Edeb.
1897 4046 1980 4093 201,·
2007 4046 2167 4086 Aldeb.
2196 4050 2234 4085 1.
2267 4048 2334 4085 2α.
2418 4049 2464 4095 p)
2495 4048 2558 4085 ita
2590 4050 2657 4087 2α.
2681 4048 2768 4087 α1*.
2791 4049 2903 4088 alu.
2925 4049 2972 4086 α2

734 4112 830 4139 cum
867 4100 1061 4139 auctario
1098 4099 1353 4137 Ekkehardi
1387 4098 1740 4149 Etphesr'urtensi
1772 4099 1852 4146 (cf.
1891 4100 2013 4147 epist.
2055 4100 2200 4147 Bonis.
2241 4100 2319 4139 60:
2360 4100 2607 4149 Geoleobo)
2619 4115 2636 4149 ,·
2673 4102 2892 4141 Gewilieb
2929 4103 2966 4140 1.

736 4155 801 4193 ab.
820 4155 864 4192 d.
895 4154 944 4205 8;
976 4154 1179 4194 Gebilieb
1210 4154 1280 4203 2e3
1312 4152 1558 4193 Gemvilieb
1589 4154 1658 4202 2⁰3
1692 4152 1894 4192 Gewelib
1929 4153 2024 4190 Vita
2054 4154 2320 4201 Moyuntina.
3000 4156 3044 4191 40

737 4331 791 4401 1)
847 4333 928 4397 Cf.
980 4348 1021 4387 e.
1071 4348 1156 4398 qr.
1206 4348 1271 4383 ea
1318 4346 1453 4397 quae
1490 4329 1644 4382 otloh
1693 4332 1754 4382 tn
1795 4330 1964 4383 Libro
1999 4331 2263 4382 Manuali
2307 4346 2350 4385 c.
2391 4334 2421 4385 1
2473 4328 2682 4396 (Miyne
2720 4332 2868 4383 CXL
2878 4332 2966 4395 VI,

734 4404 840 4458 246
866 4406 969 4469 sq.)
1005 4404 1068 4453 de
1108 4402 1459 4455 destructione
1502 4401 1868 4453 coenobiorum
1907 4405 2137 4469 scripsit.
2319 4402 2374 4471 2)
2415 4402 2498 4467 Cf,
2537 4402 2830 4457 Willibald.
2867 4418 2908 4455 c.
2936 4405 2964 4456 7

736 4474 938 4541 (supra
966 4490 1026 4539 p.
1052 4475 1165 4533 40).
1310 4473 1365 4541 3)
1404 4473 1570 4537 Infra
1606 4474 1694 4528 lib.
1735 4473 1814 4539 II,
1838 4476 1890 4528 4.
1919 4476 1966 4528 7.
2005 4477 2057 4530 8.
2097 4476 2179 4529 10.
