3167 5192
667 508 774 563 Lx
1553 506 2013 563 PRAEFATIO.

667 695 871 773 batur,
920 690 1181 756 minime
1239 712 1554 772 assequor.
1664 691 1872 754 Verba
1925 689 2112 771 enim,
2161 711 2321 771 quae
2376 690 2651 757 Geioelib
2710 692 2906 758 inter-

665 781 958 860 fectorem
1015 779 1230 861 patris
1293 779 1613 846 occisurus
1680 778 1921 843 dixisse
1984 779 2197 858 fertur
2216 780 2256 860 1,
2328 783 2506 863 apud
2570 781 2859 846 Otlohum
2880 785 2907 822 ²

665 873 912 936 demum
939 868 1016 933 in
1046 869 1392 934 orationem
1426 868 1739 950 poeticam
1769 869 2029 932 redacta
2059 869 2367 950 leyuntur,
2400 890 2597 952 neque
2628 869 2905 936 disticha

663 960 754 1023 ad
797 959 1153 1042 episcopum
1198 958 1460 1022 eundem
1504 964 1563 1022 et
1617 957 1956 1022 Geroldum
1990 963 2244 1038 patrem
2295 959 2649 1041 spectantia
2710 959 2904 1024 huius

665 1046 990 1128 opinionis
1065 1046 1422 1111 testimonia
1499 1047 1799 1126 proferre
1875 1045 2046 1126 ticet,
2140 1045 2367 1127 quippe
2442 1067 2602 1128 quae
2678 1070 2902 1113 aevum

651 1135 979 1221 posterius
1023 1156 1243 1216 sapere
1286 1133 1448 1199 mihi
1491 1134 1832 1199 videantur
1850 1135 1892 1196 3.
1970 1135 2239 1199 Praeter
2276 1136 2687 1201 narrationes
2715 1137 2903 1216 fama

666 1224 941 1290 traditas
1030 1223 1243 1289 Vitam
1331 1222 1892 1289 Willibaldia-nam
1982 1230 2199 1288 auctor
2288 1224 2614 1305 adhibuit,
2708 1247 2901 1307 quam

667 1312 1022 1378 ‘historiam
1054 1313 1404 1394 passionis'
1451 1311 1696 1377 vocavit
1724 1309 1795 1393 (c.
1833 1312 1913 1394 9),
1947 1333 2203 1394 eumque
2234 1315 2307 1378 de
2350 1312 2489 1394 ipso
2527 1313 2902 1380 Willibaldo

652 1403 853 1484 plura
921 1403 1230 1466 rettulisse
1289 1422 1486 1482 supra
1543 1400 1805 1464 monui4
1804 1452 1821 1481 ,
1869 1401 2116 1500 ‘quibus
2175 1401 2287 1465 vix
2342 1401 2649 1468 maiorem
2706 1405 2901 1482 fidem

662 1490 994 1556 habuerim
1054 1510 1245 1572 quam
1304 1490 1474 1571 aliis,
1546 1511 1707 1571 quae
1762 1489 2049 1572 primum
2117 1491 2291 1571 apud
2357 1513 2494 1555 eum
2564 1500 2895 1572 affarent.

662 1579 889 1645 Etiam
971 1579 1118 1644 Vita
1197 1579 1442 1644 Sturmi
1517 1585 1769 1644 auctore
1831 1578 2051 1660 Eiyilo
2117 1600 2273 1643 usus
2340 1586 2431 1644 est
2496 1577 2568 1660 (c.
2634 1587 2804 1645 9—1
2821 1580 2895 1663 l),

659 1669 1012 1733 immutatis
1042 1669 1151 1749 eis,
1185 1689 1345 1750 quae
1376 1669 1564 1732 Lutto
1596 1668 1688 1730 M
1683 1667 1983 1748 oyuntino
2012 1667 2329 1732 invidiam
2358 1669 2571 1748 facere
2592 1676 2903 1752 poterant

664 1753 742 1842 (c.
821 1753 951 1842 10).
1074 1757 1367 1838 Denique
1441 1756 1679 1836 fabella
1757 1759 1831 1821 de
1905 1756 2194 1821 mirabili
2256 1757 2514 1838 piscatu
2581 1758 2898 1823 Fuldensi

663 1844 738 1930 (c.
794 1842 895 1928 12)
957 1845 1253 1910 similiter
1303 1845 1436 1910 iam
1495 1869 1536 1910 a
1581 1845 1800 1927 primo
1858 1845 2200 1926 bioyrapho
2247 1845 2563 1910 Pirminii
2620 1854 2897 1912 narrata

664 1941 818 2016 erat,
867 1937 979 2000 sed
1019 1934 1229 2017 ipsum
1275 1933 1629 1999 adhibitum
1675 1956 1804 1998 esse
1849 1941 2121 1999 statuere
2164 1934 2360 1998 nolim
2404 1935 2750 2017 nescioque,
2808 1959 2897 2000 an
2964 1962 2989 2000 5

662 2023 816 2088 haee
879 2043 1116 2104 quoque
1176 2023 1360 2102 fama
1423 2023 1842 2088 intercedente
1900 2029 2083 2104 atque
2143 2031 2406 2105 auyente
2466 2026 2555 2088 ad
2609 2032 2896 2089 nostrum

659 2118 976 2176 auctorem
1008 2111 1388 2194 pervenerit.

891 2217 1040 2283 Vita
1083 2218 1284 2300 iyitur
1329 2220 1418 2283 ad
1459 2239 1561 2283 res
1608 2217 1843 2282 saeculi
1887 2218 2092 2282 VIII.
2142 2221 2597 2300 coynoscendas
2640 2219 2896 2285 inutilis

659 2314 767 2387 est,
802 2307 918 2371 etsi
949 2314 1168 2372 auctor
1199 2329 1325 2390 pro
1372 2314 1572 2372 aetate
1619 2329 1737 2372 sua
1768 2307 2204 2372 memorabilia
2235 2310 2545 2388 quaedam
2575 2310 2650 2373 de
2676 2310 2895 2390 yladio

661 2395 942 2478 Pippino
987 2419 1029 2460 a
1061 2396 1367 2477 pontifice
1397 2396 1691 2461 Romano
1737 2397 1936 2460 oblato
1982 2403 2041 2460 et
2069 2396 2494 2462 controversia
2529 2397 2698 2462 inter
2726 2399 2895 2463 hunc

657 2484 1190 2566 Bonifatiumque
1235 2485 1480 2567 ayitata
1527 2483 1599 2568 (c.
1636 2484 1697 2569 8)
1718 2485 1742 2524 ⁶
1787 2483 2041 2549 rettulit.
2128 2485 2415 2550 Ottohum
2461 2486 2572 2551 hoc
2604 2489 2894 2568 opusculo

660 2713 714 2783 1)
761 2715 886 2766 Vita
922 2715 1027 2769 IV.
1066 2715 1341 2778 Bonifatii
1384 2731 1425 2768 c.
1468 2716 1529 2768 1·
1581 2712 1719 2779 ‘’,En
1758 2710 1946 2779 inquid
1985 2711 2247 2780 Gcwelib,
2286 2713 2488 2781 ‘accipe
2525 2730 2633 2780 quo
2675 2719 2891 2782 patrem

658 2785 875 2838 vindico
914 2783 1154 2838 ferrum'.
1227 2784 1495 2852 Dictoque
1531 2785 1737 2852 pariter
1772 2782 2065 2836 transfodit
2102 2800 2244 2840 cum.
2413 2785 2471 2853 2)
2520 2785 2579 2838 V.
2618 2785 2896 2849 Bonifatii

658 2857 708 2920 Ι,
751 2859 852 2910 41:
995 2856 1223 2924 ‘Accipe
1260 2856 1370 2908 iam
1407 2855 1632 2925 ferrum,
1671 2872 1778 2922 quo
1816 2859 2030 2924 patrem
2066 2854 2283 2907 vindico
2323 2854 2543 2908 carum’.

995 2925 1151 2979 Haec
1186 2927 1356 2995 igitur
1392 2926 1593 2993 dicem,
1631 2926 1814 2995 gladio
1852 2943 1983 2978 mox
2018 2926 2261 2994 perfodit
2296 2926 2469 2978 illum.

658 2999 714 3064 3)
747 2999 1047 3064 Episcopus
1070 3001 1130 3049 in
1155 2999 1340 3050 iisdem
1368 2998 1599 3050 Ger-vilio
1627 3000 1779 3049 audit
1802 3000 1939 3049 velut
1964 2999 2112 3064 apud
2133 3001 2445 3050 recentiores
2467 3014 2629 3066 neque
2655 2999 2889 3065 Geoleob,

662 3069 928 3135 Gewiliob,
956 3069 1217 3132 Gemilieb,
1247 3070 1483 3134 Gewelib,
1507 3071 1646 3136 quod
1668 3072 1775 3137 ipsi
1799 3071 1947 3136 apud
1970 3071 2312 3133 Bonifatium
2334 3071 2511 3136 (epist.
2538 3073 2624 3135 60,
2656 3088 2712 3137 p.
2738 3073 2889 3134 325),

658 3143 718 3192 in
745 3141 886 3192 Vitis
920 3142 1147 3192 eiusdem
1183 3146 1391 3192 auctore
1415 3141 1732 3207 Moyuntino
1766 3148 1814 3192 et
1842 3141 2038 3207 Otloho,
2075 3141 2297 3207 denique
2330 3143 2393 3192 in
2415 3141 2674 3207 cataloyis
2699 3144 2893 3206 episco-

649 3227 851 3278 porum
893 3211 1018 3276 (SS.
1055 3213 1223 3278 XIII,
1261 3214 1362 3266 311
1389 3228 1484 3278 sqq
1487 3216 1526 3276 .)
1569 3227 1757 3264 nomen
1807 3212 2124 3264 attributum
2159 3217 2249 3264 est.
2334 3213 2582 3264 Disticha
2631 3219 2891 3278 quantum

657 3286 763 3335 scio
809 3285 1025 3348 pri-mus
1080 3285 1136 3334 in
1192 3284 1352 3334 lucem
1401 3283 1635 3349 protulit
1691 3283 1911 3351 Gaspar
1965 3283 2300 3348 Bruschius,
2355 3283 2551 3349 Mayni
2601 3286 2807 3349 operis·
2828 3285 2892 3334 de

659 3355 904 3406 omnibus
957 3354 1277 3407 Germaniae
1325 3355 1711 3421 episcopatibus
1757 3357 2001 3420 epitomes
2048 3359 2221 3406 tomus
2261 3357 2510 3421 primus,
2558 3354 2677 3406 Nor
2678 3356 2892 3421 iberyae

661 3428 816 3489 1549,
866 3426 962 3488 fol.
1001 3428 1050 3480 ὃ.
1093 3426 1210 3480 105’
1215 3424 1439 3486 —106‘‚·
1489 3443 1514 3478 e
1550 3425 1818 3477 Bruschio
1854 3442 1915 3478 ea
1950 3426 2333 3492 deprompsisse
2380 3427 2589 3478 videtur
2623 3426 2893 3478 Iohannes

657 3497 913 3548 Latomus
948 3499 1009 3548 in
1045 3497 1295 3563 Cataloqo
1329 3499 1695 3564 episcoporum
1731 3497 2177 3562 Moyuntinorum
2213 3497 2287 3547 ad
2320 3514 2371 3550 a.
2414 3498 2551 3552 1582
2587 3497 2887 3563 (Mencken,

657 3568 752 3622 SS.
792 3569 858 3622 R.
900 3569 1076 3622 Germ,
1114 3569 1224 3634 III,
1268 3570 1423 3631 1730,
1473 3569 1564 3622 col.
1602 3571 1707 3623 437
1727 3571 1865 3634 89.),·
1914 3569 2133 3634 denique
2168 3568 2425 3620 Nicotaus
2461 3569 2735 3633 Serarius,
2777 3569 2890 3620 Mo·

654 3641 1036 3705 quntiacarum
1066 3656 1249 3690 rerum
1277 3640 1422 3705 libri,
1450 3642 1606 3702 1604,
1638 3657 1693 3707 p.
1718 3641 1841 3694 259.
1880 3641 2000 3704 261,
2037 3640 2151 3691 sine
2186 3639 2345 3692 dubio
2381 3656 2407 3691 e
2430 3639 2652 3691 Latomo
2683 3641 2889 3707 pendet.

657 3711 808 3762 Duos
843 3726 1026 3761 versus
1062 3711 1411 3777 hexametros,
1464 3712 1655 3778 quibus
1696 3711 1840 3763 sedes
1884 3712 2291 3777 metropolitana
2325 3712 2622 3762 Wormatia
2660 3711 2891 3776 Moyun-

655 3783 788 3832 tiam
826 3781 1097 3832 translata
1147 3782 1454 3847 celebratur,
1507 3785 1703 3848 quique
1737 3789 1797 3834 ut
1837 3786 1962 3847 post
2002 3781 2251 3833 Otlohum
2291 3788 2424 3834 certe
2472 3785 2594 3847 orti,
2647 3784 2727 3832 ita
2776 3784 2891 3832 iam

655 3858 778 3904 ante
832 3852 1156 3904 Bruschium
1216 3869 1250 3902 a
1309 3854 1564 3905 monacho
1621 3853 2070 3918 Kirschyartensi
2126 3868 2151 3903 e
2208 3853 2471 3905 Chronico
2530 3855 2891 3919 episcoporum

669 3923 1135 3976 Wormatiensium
1170 3924 1330 3976 allati
1361 3931 1489 3976 sunt
1525 3925 1628 3989 (ed.
1667 3925 1807 3977 Boos
1843 3925 1877 3977 Ζ.
1918 3924 1950 3977 Ζ.
1995 3941 2054 3990 p.
2096 3925 2207 3989 11),
2246 3926 2461 3976 minime
2495 3940 2613 3975 cum
2649 3923 2892 3975 distichis

653 3995 768 4047 illis
802 3997 1112 4060 coniunyere
1147 3995 1276 4060 licet,
1314 4011 1449 4062 quae
1496 3997 1671 4047 nescio
1720 4012 1794 4047 an
1830 3995 2096 4047 Bruschio
2142 3996 2347 4046 danum
2396 4001 2578 4062 poetae
2626 3997 2891 4060 mizyenem

655 4066 884 4120 debeant.
958 4067 1052 4117 Ex
1088 4068 1205 4132 ipso
1241 4082 1304 4117 ea
1345 4068 1418 4118 ad
1461 4068 1637 4118 Vitam
1671 4067 1739 4117 M
1736 4069 2047 4133 oyuntinam
2083 4067 2343 4118 adnotare
2392 4067 2528 4117 mihi
2575 4068 2747 4117 visum
2797 4072 2889 4119 est.

654 4138 710 4208 4)
764 4138 951 4204 Supra
991 4155 1048 4203 p.
1090 4135 1243 4191 VIII.
1423 4137 1479 4205 5)
1532 4135 1629 4196 Fr,
1672 4138 1889 4203 Go'rres,
1929 4137 2060 4188 ‘E'in
2099 4138 2319 4203 Conflict
2354 4137 2442 4188 des
2478 4137 2531 4189 h.
2568 4137 2893 4200 Bonifacius

652 4211 752 4260 mit
786 4209 957 4275 Papst
993 4208 1229 4275 Stephan
1265 4209 1366 4260 ΙΙΙ
1363 4208 1392 4263 .'
1431 4208 1606 4274 (Piclc,
1646 4208 2048 4274 ‘Monatschrift
2082 4210 2181 4273 fur
2214 4209 2484 4260 rheinisch
2498 4237 2522 4248 -
2536 4209 2895 4272 westfali-eche

654 4279 1274 4346 Geschichtsforschuny’
1300 4281 1378 4344 II,
1408 4282 1562 4345 1876,
1595 4296 1654 4346 p.
1682 4281 2007 4345 358—377),
2047 4281 2109 4332 de
2145 4281 2239 4332 hoc
2269 4281 2437 4346 capite
2461 4295 2634 4344 aqens,
2660 4281 2893 4330 nimiam

655 4351 810 4414 fidem
859 4353 1068 4404 auctori
1111 4352 1315 4405 habuit.
1391 4351 1492 4402 Sed
1534 4353 1722 4416 nescio,
1774 4367 1847 4402 an
1882 4353 2137 4402 narratio
2176 4352 2248 4402 ad
2284 4352 2671 4404 controversias
2704 4356 2894 4416 spectet

653 4422 858 4474 saeculo
916 4423 1018 4478 XI.
1091 4425 1231 4474 inter
1283 4423 1558 4490 pontifices
1619 4423 1889 4474 Romanos
1961 4427 2009 4474 et
2069 4422 2487 4490 archiepiscopos
2546 4421 2895 4488 Moyuntinos

2942 1519 2994 1555 10

2929 2939 2983 2978 25

2929 3651 2983 3688 35

2928 4006 2983 4043 40

2930 4361 2983 4399 45
