3167 5192
1139 487 1601 545 PRAEFATIO.
2264 489 2493 546 LXVII

225 675 306 732 ut
389 668 691 735 narratio
768 669 1089 752 oriyiuum
1163 670 1589 736 Fuldeusium
1668 666 1816 752 (II,
1894 669 2008 752 17)
2073 671 2488 754 privileyium

230 757 622 824 Zachariae
670 754 805 840 (II,
863 759 972 842 15)
1023 759 1298 842 propius
1342 761 1837 841 subsequeretur.
1938 758 2178 841 Quibus
2222 760 2491 843 eoeceptis

226 847 660 929 neglectisque
689 867 850 929 quae
880 850 1055 930 apud
1083 847 1374 913 Otlohum
1404 851 1630 914 desunt
1658 847 1943 930 epistulis
1974 853 2081 912 24.
2113 854 2219 914 26.
2248 855 2354 912 52.
2380 855 2485 929 83,

227 956 378 1001 non
422 936 626 1000 solum
671 935 867 1001 series
912 936 1049 1002 eius
1095 936 1351 1002 omnino
1397 957 1536 1002 cum
1569 944 1765 1018 parte
1801 936 2027 1020 priore
2073 937 2225 1002 libri
2280 937 2488 1004 Garls-

161 1047 190 1087 s
227 1025 544 1090 rubensis
588 1025 894 1106 convenit,
937 1027 1049 1090 sed
1089 1025 1281 1090 etiam
1323 1026 1514 1090 verba
1543 1025 1820 1108 siuyula,
1855 1025 2171 1092 codicibus
2202 1027 2490 1093 omnibus

228 1113 425 1178 haud
468 1115 624 1178 adeo
674 1113 847 1179 iuter
890 1135 956 1179 se
1015 1113 1538 1197 discrepantibus,
1600 1115 1875 1180 maxime
1932 1137 2071 1181 cum
2130 1117 2339 1180 eodem
2400 1111 2487 1200 (2)

226 1201 527 1284 faciunt,
586 1201 685 1268 ita
737 1209 810 1268 ut
866 1203 960 1268 vel
1019 1202 1484 1270 emendationes
1541 1205 1905 1285 superfluae
1958 1204 2265 1286 falsaeve,
2326 1225 2489 1286 quae

226 1292 496 1357 saeculo
557 1289 680 1356 XI
675 1339 690 1356 .
751 1290 812 1356 ei
867 1291 1086 1357 illatae
1153 1298 1303 1356 suut
1321 1293 1361 1373 1,
1420 1292 1673 1374 partim
1736 1291 1814 1358 in
1880 1299 2049 1358 teoetu
2116 1292 2327 1358 Otlohi
2392 1293 2486 1358 iu-

226 1379 590 1445 veniantur
606 1383 631 1420 2
646 1403 667 1445 .·

139 1510 192 1550 ιο
380 1493 576 1568 Epist.
611 1493 696 1552 45
733 1493 822 1568 (Ρ.
859 1495 1010 1563 293,
1049 1495 1180 1561 16).
1217 1496 1453 1552 ostium
1485 1487 1967 1567 misericordiae]
2001 1494 2136 1554 haec
2164 1495 2487 1568 subscripta

656 1583 810 1641 linea
853 1582 1035 1641 deleta
1078 1588 1212 1641 sunt
1248 1585 1309 1652 2,
1356 1601 1466 1642 om.
1506 1583 1677 1641 Otloh
1706 1581 1764 1652 I,
1798 1585 1881 1641 34
1923 1582 2011 1656 (p.
2052 1585 2198 1653 147,
2226 1583 2336 1656 5),-

379 1671 544 1745 epist.
597 1671 678 1730 50
729 1671 816 1745 (Ρ.
867 1673 1018 1741 300,
1057 1672 1196 1741 39).
1257 1673 1336 1730 ab
1383 1673 1728 1747 apostolica
1774 1673 1925 1729 sede
1970 1673 2266 1730 adfirmat
2324 1665 2482 1747 esse]

657 1778 1028 1819 concessum
1069 1779 1144 1819 m.
1179 1761 1258 1819 al.
1289 1778 1574 1834 superscr.
1612 1763 1673 1829 2,
1720 1761 1925 1820 habeut
1955 1763 1995 1818 4
2027 1765 2081 1820 et
2114 1761 2283 1820 Otloh
2313 1760 2409 1831 II,
2448 1763 2477 1820 1

143 1953 194 1992 ιε
379 1937 546 2012 epist.
597 1937 674 1996 51
743 1938 830 2012 (Ρ.
895 1940 1046 2008 303,
1096 1939 1187 2005 2).
1249 1940 1436 1996 liceat
1491 1940 1787 2014 cuiquam
1844 1931 2021 2012 haec]
2082 1956 2233 1998 corr.
2295 1941 2486 1997 liceat

655 2045 730 2084 ea
779 2029 840 2096 2,
886 2032 941 2086 et
982 2027 1072 2086 ita
1122 2027 1292 2086 Otloh
1335 2026 1431 2097 II,
1483 2029 1520 2085 2
1571 2027 1659 2101 (Ρ.
1715 2027 1862 2096 164,
1896 2029 2050 2100 30),

377 2115 456 2174 ib.
524 2114 609 2189 (Ρ.
662 2116 811 2186 305,
847 2117 980 2182 38).
1044 2122 1190 2191 post
1234 2109 1657 2190 consulatum]
1706 2121 1886 2192 pater
1930 2135 2081 2175 corr.
2128 2118 2375 2192 imperii
2422 2119 2485 2186 2,

656 2209 709 2263 et
752 2205 842 2263 ita
891 2204 1060 2264 Otloh
1103 2204 1198 2275 II,
1249 2208 1286 2262 2
1339 2205 1425 2279 (Ρ.
1481 2207 1627 2275 168,
1662 2204 1817 2278 30),·

378 2293 545 2366 epist.
596 2293 679 2351 80
745 2293 831 2368 (Ρ.
895 2294 1046 2364 360,
1097 2294 1232 2360 32).
1297 2296 1461 2352 sicut
1507 2296 1813 2369 scriptum
1860 2299 1959 2352 est
2010 2293 2224 2360 (Eccli.
2276 2296 2381 2364 22,
2422 2297 2483 2353 6.

140 2398 199 2436 20
662 2383 729 2449 7)
749 2405 766 2440 .·
827 2383 1151 2458 Sapientia
1197 2385 1304 2458 qui
1352 2385 1536 2442 docet
1580 2376 1854 2457 fatuum]
1917 2401 2071 2442 corr.
2119 2402 2169 2441 s.
2220 2401 2338 2442 scr.
2386 2388 2486 2442 est

655 2473 721 2529 in
781 2472 937 2529 libro
986 2471 1374 2547 Sapientiae:
1440 2472 1563 2544 Qui
1610 2474 1795 2530 docet
1838 2473 1885 2532 f.
1946 2474 2006 2541 2,
2064 2478 2120 2531 et
2176 2472 2265 2531 ita
2316 2471 2485 2531 Otloh

654 2559 752 2630 II,
793 2561 829 2618 9
882 2559 966 2634 (Ρ.
1022 2563 1170 2631 190,
1206 2562 1296 2628 7).

235 2661 469 2743 Ipsum
499 2681 643 2724 vero
689 2661 956 2725 codicem
998 2660 1517 2726 Oarlsruheusem
1555 2662 1737 2727 Otloh
1780 2661 1891 2726 vix
1918 2660 2229 2726 adhibuit.
2306 2662 2485 2726 Nam

233 2755 315 2814 ut
341 2749 485 2815 alia
501 2749 1028 2831 praetermittam,
1059 2749 1252 2815 veluti
1279 2750 1581 2832 epistulas
1612 2757 1718 2814 24.
1752 2756 1857 2815 26.
1893 2756 1998 2814 52.
2033 2755 2117 2814 83
2151 2748 2419 2814 omissas
2436 2750 2479 2831 3,

145 2864 198 2904 κο
237 2844 407 2903 certe
450 2845 660 2903 tamen
703 2837 996 2904 lectiones
1040 2838 1324 2904 eoehibuit
1376 2838 1832 2905 Garlsrukeusi
1875 2838 2163 2904 meliores
2177 2840 2203 2877 ⁴²
2218 2861 2240 2903 .·

377 2950 573 3026 Epist.
628 2950 704 3010 51
761 2951 849 3024 (Ρ.
885 2951 1035 3021 305,
1073 2952 1207 3018 18).
1258 2941 1568 3030 superius]
1620 2971 1728 3011 om.
1781 2954 1842 3022 2,
1888 2952 2053 3011 habet
2104 2951 2273 3011 Otloh
2312 2951 2406 3021 II,
2442 2955 2478 3010 2

377 3129 542 3202 epist.
595 3129 676 3188 59
744 3127 829 3202 (Ρ.
867 3129 1046 3199 318,
1099 3130 1188 3196 1).
1249 3130 1486 3188 Dicunt
1534 3119 1727 3209 enim]
1790 3131 1961 3188 enim
2022 3149 2131 3188 om.
2198 3133 2259 3200 2,
2317 3129 2483 3189 habet

661 3217 829 3276 otton
874 3216 968 3287 II,
1002 3221 1042 3276 4
1093 3217 1180 3292 (p.
1235 3220 1380 3288 171,
1419 3220 1569 3292 17);

149 3325 202 3366 ιο
377 3305 456 3366 ib.
531 3304 617 3381 (Ρ.
684 3308 834 3376 320,
877 3308 968 3373 7).
1039 3296 1418 3386 Geremiam]
1481 3309 1869 3366 Hieremiam
1930 3309 2007 3380 2,·
2076 3307 2478 3366 Germaniam

660 3395 829 3454 otton
875 3394 968 3465 II,
1001 3396 1041 3454 4
1093 3395 1180 3470 (p.
1233 3397 1381 3466 174,
1421 3396 1571 3469 15),-

243 3618 298 3684 1)
359 3617 443 3681 Cf.
495 3616 648 3682 Jaffe'
680 3634 742 3684 p.
784 3619 868 3672 10.
1063 3617 1119 3685 2)
1175 3619 1256 3669 De
1307 3619 1591 3670 contraria
1645 3621 1851 3670 ratione
1903 3620 2130 3682 coyitare
2182 3631 2292 3668 non
2347 3617 2477 3684 licet,

239 3689 375 3754 quia
409 3704 545 3754 quae
575 3695 854 3756 praeterea
904 3689 1053 3754 apud
1093 3688 1339 3740 Otlohum
1386 3690 1672 3740 immutata
1719 3694 1844 3740 sunt
1884 3689 2160 3755 permulta
2208 3690 2268 3739 in
2316 3688 2481 3740 codice

240 3760 462 3811 minime
494 3759 729 3813 redeunt.
911 3759 966 3828 3)
1019 3759 1085 3811 Sa·
1116 3760 1277 3811 codex
1315 3761 1727 3812 Carlsruhensis
1762 3761 1811 3811 ei
1844 3764 2064 3828 praesto
2112 3760 2321 3825 fuisset,
2372 3762 2481 3827 epi-

147 3839 204 3880 ⁸⁶
240 3830 442 3882 atulam
497 3831 582 3886 52.
643 3833 706 3882 in
757 3835 960 3882 tea-tum
1018 3831 1294 3883 admittere
1346 3833 1631 3897 potuisset,
1692 3847 1826 3898 quae
1884 3847 1997 3882 una
2056 3845 2173 3881 cum
2234 3831 2363 3882 aliis
2419 3833 2475 3881 in

240 3901 472 3968 epistula
494 3903 561 3956 51
591 3908 665 3969 (Ρ.
690 3903 814 3968 305,
845 3903 943 3967 14)
977 3907 1429 3968 commemoratur,
1466 3908 1512 3954 et
1548 3903 1688 3954 hanc
1723 3903 1933 3969 quidem
1960 3901 2253 3954 admiserat
2276 3901 2382 3966 (II,
2402 3904 2477 3958 2).

244 3972 329 4036 Cf.
364 3972 425 4026 V.
453 3972 727 4038 Bonifatii
749 3973 829 4038 ΙΙ,
859 3975 956 4027 16:
994 3970 1054 4025 Si
1081 3989 1242 4040 quem
1266 3988 1397 4026 vero
1435 3976 1672 4039 moveat,
1710 3971 1859 4040 quod
1892 3971 2163 4040 plurimae
2200 3972 2477 4040 epistolae,

243 4059 476 4110 quarum
522 4041 729 4096 mentio
767 4040 831 4095 fit
865 4043 923 4095 in
960 4043 1342 4112 suprascriptis
1380 4042 1641 4112 epistolis,
1690 4043 1780 4095 hic
1829 4042 2036 4111 pariter
2085 4043 2319 4111 scriptae
2368 4059 2477 4094 non

240 4112 532 4180 habentur,
583 4112 734 4181 sciat,
783 4113 921 4167 illud
956 4113 1060 4167 hac
1109 4113 1178 4168 de
1228 4130 1389 4168 causa
1439 4113 1714 4180 accidisse,
1764 4114 2023 4181 quoniam
2070 4131 2338 4182 nusquam
2388 4129 2479 4166 eas

147 4195 206 4234 40
241 4184 401 4253 potui
449 4184 712 4240 invenire.
926 4187 984 4252 4)
1047 4185 1248 4238 Teoetus
1286 4187 1541 4253 epistulae
1589 4187 1816 4238 decimae
1864 4188 1941 4253 (Ρ.
1977 4187 2086 4240 252
2107 4189 2265 4251 sqq.),
2316 4201 2478 4250 quam

247 4255 402 4309 Otloh
453 4256 592 4308 libro
638 4256 914 4309 Visionum
960 4273 1003 4311 c.
1045 4259 1112 4312 19
1161 4256 1317 4324 (Pez,
1371 4258 1684 4310 maurus
1733 4257 1963 4310 anecdot.
2014 4258 2207 4310 ποοίεε.
2259 4256 2381 4321 ΙΙΙ,
2424 4258 2477 4320 2,

241 4328 336 4383 col.
373 4328 695 4388 594-601,·
737 4327 921 4394 Μᾶρκε
957 4327 1102 4381 CXL
1115 4328 1209 4394 VI,
1247 4331 1560 4394 375-379)
1596 4334 1643 4380 et
1678 4329 1790 4396 ipen·
1820 4327 2027 4379 Fuldae
2061 4328 2343 4393 composito
2379 4327 2476 4392 (cf.

245 4399 334 4454 lib.
383 4400 447 4450 de
502 4399 883 4467 Temptatione,
940 4399 974 4453 l.
1020 4398 1052 4452 l.
1107 4417 1161 4467 Ρ.
1205 4401 1338 4460 389)
1385 4401 1635 4464 inseruit,
1688 4399 1853 4450 multo
1907 4399 2081 4464 mayt's
2132 4398 2207 4449 ad
2260 4397 2477 4450 codicem

243 4471 610 4522 Monacensem
645 4472 734 4536 (1)
767 4485 932 4537 quam
966 4469 1040 4522 ad
1075 4470 1518 4524 Carlsruhensem
1553 4473 1641 4536 (2)
1675 4471 1888 4524 accedit.

2056 4555 2145 4611 V*
