3167 5192
721 497 922 553 LVIII
1604 494 2062 551 PRAEFATIO.

945 676 1034 758 lc)
1076 679 1282 745 Codex
1322 677 2024 761 Compendiensis,
2074 700 2107 742 e
2152 697 2272 758 quo
2308 676 2743 742 Mabillonius
2782 676 2963 741 Vitas

738 767 1090 834 Willibaldi
1135 776 1195 833 et
1245 767 1453 834 Otlohi
1507 767 1793 832 editurus
1851 766 2133 845 frustula
2191 767 2502 831 nonnulla
2562 765 2905 831 adnotavit
2922 766 2959 843 1,

723 857 904 922 hodie
949 858 1115 922 latet.

939 944 1044 1027 2a)
1117 945 1324 1012 Codex
1383 944 2238 1010 Rheno-Traiectensis
2297 964 2359 1007 n.
2412 949 2539 1006 390
2602 940 2807 1027 (Eccl.
2861 950 2960 1021 23,

723 1042 916 1100 antea
983 1041 1159 1099 2480
1227 1042 1286 1100 et
1353 1030 1595 1116 288m),
1666 1033 1817 1097 olim
1870 1032 2204 1115 pertinens
2272 1034 2359 1097 ad
2430 1032 2962 1097 Carthusienses
2992 1056 3015 1094 5

726 1146 938 1208 prope
968 1125 1357 1189 Traiectum
1395 1125 1706 1196 inferius,
1754 1122 1963 1202 ibique
1996 1144 2057 1184 a.
2100 1127 2288 1186 1421.
2335 1121 2560 1201 finitus
2590 1118 2725 1201 (fol.
2766 1119 2961 1201 254‘),

724 1214 836 1292 fol.
891 1212 1102 1277 1—-2‘,

939 1298 1040 1384 2b)
1097 1300 1304 1367 Codex
1345 1299 1765 1383 Haqensis
1810 1300 1889 1363 L.
1941 1305 2023 1362 29
2073 1297 2323 1379 (Weesp
2374 1298 2492 1380 14),
2543 1322 2603 1363 a.
2648 1304 2843 1363 1461.
2894 1297 2962 1361 in

740 1388 953 1471 Weesp
1027 1390 1253 1470 finitus
1327 1386 1459 1473 (fol.
1533 1388 1741 1468 326‘),
1835 1387 1985 1452 olim
2061 1389 2239 1453 liber
2314 1409 2622 1453 sororum
2702 1388 2961 1451 Sancte

727 1480 1060 1544 Katerine
1107 1480 1365 1543 Muden
1390 1481 1430 1553 ²,
1479 1478 1594 1557 fol.
1646 1477 1971 1541 24’-25’.
2994 1500 3035 1539 10

942 1564 1037 1646 2ο)
1095 1566 1301 1631 Codex
1359 1565 1841 1632 Coloniensi
1856 1587 1888 1629 s
1934 1565 2181 1629 archivi
2225 1565 2463 1630 urbani
2508 1587 2573 1630 n.
2614 1571 2759 1646 164,
2814 1564 2961 1627 olim

740 1654 1204 1736 Wallrafianus
1257 1655 1384 1733 VI,
1436 1662 1547 1734 21,
1612 1678 1672 1720 a.
1727 1660 1917 1718 1463.
2020 1653 2317 1719 Coloniae
2370 1653 2625 1734 finitus,
2687 1654 2804 1732 fol.
2858 1651 2962 1715 53‘

727 1748 944 1808 —572
1008 1745 1218 1809 Vitam
1246 1744 1392 1807 III.
1426 1743 1776 1823 Bonifatii,
1815 1744 1928 1822 fol.
1964 1742 2380 1806 305‘—-310‘.
2445 1743 2659 1809 Vitam
2688 1744 2960 1808 alteram

728 1834 930 1913 (nobis
976 1832 1084 1913 2a)
1143 1832 1416 1897 continet
1435 1834 1477 1895 ³.
1579 1834 1810 1896 Textus
1856 1838 2005 1912 post
2061 1854 2111 1897 c.
2163 1839 2221 1896 6.
2270 1854 2303 1896 e
2362 1831 2691 1896 Vincentio
2754 1831 2960 1895 Bello-

726 1922 982 1987 vacensi
1028 1922 1446 2004 interpolatus
1475 1927 1660 2001 atque
1697 1920 1771 1985 in
1816 1942 1867 1985 c.
1910 1928 2005 1985 13.
2055 1920 2398 2002 ampliatus
2428 1927 2517 1985 est
2548 1920 2638 2001 (p.
2676 1927 2785 1983 83.
2823 1922 2958 2001 89).
2992 1942 3031 1981 ιε

953 2010 1159 2075 Codeoe
1197 2009 2033 2075 Rheno-Traiectensis
2078 2032 2141 2073 n.
2178 2016 2304 2074 392
2354 2008 2547 2089 (Eccl.
2589 2016 2732 2087 132,
2770 2014 2962 2072 antea

731 2106 857 2162 255
887 2121 918 2164 s
992 2106 1047 2163 et
1123 2105 1249 2163 295
1278 2096 1360 2179 s),
1441 2120 1601 2164 saec.
1677 2099 1835 2178 XV,
1917 2098 2065 2162 olim
2144 2098 2694 2164 Carthusiensium
2760 2117 2961 2179 prope

736 2188 1093 2253 Traiectum
1155 2187 1249 2251 ‘ex
1308 2193 1668 2251 testamento
1727 2187 1944 2251 domni
1999 2187 2348 2251 Gliii'sberti
2407 2190 2482 2251 de
2528 2186 2737 2266 Dorp'
2792 2185 2965 2267 apud

728 2280 968 2341 eosdem
1015 2276 1239 2357 sepulti
1286 2273 1416 2357 (fol.
1454 2272 1534 2361 7),
1583 2276 1695 2355 fol.
1727 2276 2027 2341 76—76‘.
2076 2276 2380 2357 epitomen
2419 2276 2602 2341 Vitae
2633 2275 2790 2339 ΙΙΙ.
2827 2295 2959 2339 con-

730 2365 886 2431 tinet
929 2362 1075 2448 (inc.
1110 2367 1512 2430 Bonifacius
1558 2366 1818 2450 primus
1864 2371 2021 2449 post
2067 2369 2382 2429 sanctum
2409 2366 2957 2438 willibrordum,
2990 2385 3032 2423 πο

727 2456 854 2519 des.
905 2457 992 2519 ad
1024 2455 1412 2529 Traiectum
1460 2456 1929 2538 perduxerunt
1976 2458 2047 2518 et
2085 2456 2456 2519 honorifice
2490 2447 2956 2538 sepelierunt).

955 2543 1239 2609 Codicem
1290 2550 1369 2606 la
1429 2544 1701 2608 Iacobus
1757 2543 2072 2608 Schwalm
2130 2565 2184 2606 v.
2235 2564 2284 2607 c.
2347 2543 2622 2624 contulit,
2684 2542 2960 2624 reliquos

727 2633 860 2716 ipse
919 2632 1204 2699 adhibui.
1297 2633 1546 2696 Menda
1607 2632 1913 2696 librorum
1962 2638 2063 2696 2a.
2100 2634 2153 2697 b.
2189 2653 2220 2695 c
2266 2632 2630 2713 peculiaria
2686 2631 2759 2695 in
2825 2628 2960 2694 uni-

727 2744 975 2787 versum
1020 2743 1151 2785 non
1197 2720 1498 2786 adnotavi
1543 2742 1741 2803 neque
1786 2720 2133 2801 quisquilia
2170 2720 2434 2785 inutilia
2480 2742 2557 2784 ex
2594 2722 2666 2785 lb
2699 2718 2956 2784 admisi·

943 2810 1519 2876 Henschenius
1565 2817 1638 2874 et
1666 2809 2285 2893 Papebrochius
2321 2812 2361 2873 l.
2396 2811 2436 2873 l.
2471 2832 2548 2892 p.
2584 2814 2958 2873 481—483.
2990 2826 3032 2867 25

742 2900 956 2964 Vitam
989 2899 1236 2980 publici
1279 2899 1449 2963 iuris
1493 2900 1795 2979 fecerunt,
1844 2898 2151 2963 adhibitis
2198 2898 2398 2961 tribus
2443 2898 2772 2979 codicibus,
2826 2896 2956 2961 scil.

715 2987 985 3069 proprio
1029 2987 1330 3067 ipsorum,
1393 2988 1502 3068 qui
1551 2987 1568 3016 ‘
1584 2988 1767 3052 Vitas
1812 2993 2171 3052 sanctorum
2219 3007 2343 3068 per
2388 2987 2667 3069 sinqulos
2718 3006 2961 3050 menses

728 3084 787 3140 et
821 3075 1122 3159 pluribus
1167 3075 1352 3141 libris
1397 3076 1792 3141 distributas'
1840 3076 2195 3140 continebat
2209 3078 2251 3156 4,
2296 3076 2685 3140 Traiectensi
2718 3076 2786 3140 S.
2826 3075 2958 3139 Sal·
3020 3088 3025 3091 '

727 3165 985 3245 vatoris,
1035 3163 1138 3228 cui
1184 3164 1374 3227 etiam
1421 3164 1569 3227 Vita
1618 3165 1721 3227 II.
1771 3164 1985 3228 inerat
2002 3165 2043 3245 5,
2093 3165 2360 3246 denique
2404 3164 2649 3228 schedis
2681 3164 2768 3228 D.
2804 3163 2958 3227 Lin-

728 3254 927 3333 dani,·
964 3259 1215 3335 partem
1261 3259 1601 3316 extremam
1647 3252 1903 3317 iteravit
1946 3254 2049 3317 Pe
2064 3259 2191 3318 rtz
2243 3255 2281 3317 l.
2333 3255 2372 3316 l.
2408 3276 2480 3335 p.
2532 3259 2678 3332 353,
2736 3275 2801 3317 n.
2856 3259 2956 3315 39.
2989 3270 3031 3311 so

743 3341 955 3407 Vitam
1001 3341 1076 3406 in
1132 3362 1478 3406 sermonem
1537 3342 1943 3406 vernaculum
2003 3342 2330 3406 transtulit
2373 3343 2453 3405 K
2459 3344 2590 3407 ii‘lb
2662 3344 2701 3404 l.
2752 3344 2793 3405 l.
2856 3342 2906 3405 I
2903 3340 2956 3419 I,
3024 3362 3031 3369 ·

1808 3556 1881 3619 V.

856 3679 1037 3743 Vita
1092 3687 1390 3760 quarta
1445 3680 1889 3759 Bonifatii
1944 3686 2275 3744 auctore
2331 3679 2840 3761 Moquntino.

943 3803 1320 3885 Moyuntiae
1365 3804 1525 3867 satis
1565 3804 1887 3884 prolixam
1936 3804 2265 3883 Bonifatii
2312 3804 2507 3867 vitam
2562 3810 2780 3868 auctor
2828 3824 2959 3868 con·
2990 3818 3033 3860 ³⁵

729 3891 912 3972 didit,
969 3892 1079 3972 qui
1137 3913 1296 3973 quas
1347 3894 1577 3972 fama6
1622 3900 1946 3973 acceperat
2002 3893 2531 3957 narratiunculas
2590 3900 2649 3956 et
2703 3893 2959 3971 fabulas

729 3980 986 4062 colleqit,
1059 4002 1311 4061 cumque
1393 3981 1785 4063 Williyisum
1868 3982 2409 4065 archiepiscopum
2486 3978 2636 4065 (975
2662 4017 2748 4026 —
2770 3978 2958 4061 1011)

731 4194 783 4259 1)
842 4192 906 4245 L.
948 4192 979 4245 l.
1023 4208 1082 4257 p.
1121 4193 1169 4244 2.
1217 4194 1302 4245 42.
1353 4193 1438 4245 54.
1484 4193 1570 4245 89.
1620 4194 1704 4245 90.
1884 4191 1940 4259 2)
1996 4192 2077 4257 Cf.
2121 4193 2383 4243 Analecta
2420 4192 2667 4245 Bolland.
2708 4191 2801 4256 VI,
2843 4192 2957 4247 174.

727 4264 785 4331 3)
827 4263 906 4328 Cf.
947 4279 1119 4329 supra
1148 4279 1207 4328 p.
1233 4262 1350 4315 LV.
1415 4262 1497 4312 De
1530 4263 1697 4313 codice
1727 4262 2038 4327 Coloniensi,
2076 4265 2171 4329 qui
2200 4263 2245 4314 S
2256 4279 2455 4315 erar
2469 4279 2498 4315 o
2534 4268 2689 4315 notus
2722 4268 2857 4327 erat,
2894 4264 2957 4327 cf.

727 4335 797 4388 ib.
831 4351 886 4388 n.
913 4338 960 4388 1.
1070 4333 1123 4401 4)
1165 4335 1308 4397 Quae
1333 4334 1405 4383 ad
1431 4333 1631 4384 librum
1655 4340 1898 4385 nostrum
1925 4335 1989 4388 lb
2019 4340 2250 4400 spectare
2284 4351 2393 4386 non
2423 4340 2664 4401 possunt.
2777 4332 2834 4402 5)
2875 4332 2957 4395 cf.
2988 4333 3035 4373 ⁴⁰

727 4420 900 4527 εἵρξει
929 4405 1144 4530 p.tLV.
1280 4404 1334 4470 6)
1369 4403 1456 4467 Cf.
1493 4419 1533 4457 c
1575 4406 1636 4458 6.
1676 4402 1866 4471 fertur,
1905 4407 2341 4461 c.1.3.10.11:
2379 4409 2441 4457 ut
2478 4404 2678 4471 ferunt,
2716 4407 2835 4459 ο.2.
2865 4408 2957 4459 10·

730 4492 767 4526 u
866 4492 988 4527 leun
