3167 5192
722 523 757 578 6
1055 519 1250 574 VITA
1286 516 1690 573 BONIFATII
1726 515 2088 572 AUCTORE
2125 515 2637 573 WILLIBALDO.

722 707 1036 768 tenerum
1086 706 1169 766 αὖ
1224 701 1407 784 cepti
1454 692 1920 784 perfectioneb
1975 699 2350 783 propositie
2407 701 2714 763 animum
2763 698 2971 764 decli-

724 811 889 856 nare
936 791 1305 873 temptavit
1364 791 1720 872 magisque
1778 789 1956 851 hanc
2020 808 2183 852 suae
2229 788 2769 853 tolerabiliorem
2821 808 2970 854 esse

723 880 1065 943 infantiae
1099 879 1396 943 activam
1445 871 1829 960 quamqued
1868 876 2081 940 vitam
2131 877 2637 941 monasterialis
2671 876 2968 940 militiae

726 967 1375 1051 contemplativam⁰
1432 965 1810 1049 multiplici
1869 984 2261 1029 sermonum
2320 959 2760 1030 adolationef
2817 986 2967 1049 pro-

725 1057 965 1134 mittit,
1017 1059 1096 1119 ut
1142 1055 1252 1120 vel
1300 1055 1397 1119 sic
1444 1076 1485 1118 a
1530 1054 1868 1138 propositi
1916 1053 2123 1116 huius
2171 1054 2530 1118 conamine
2579 1075 2735 1118 eum
2784 1055 2970 1119 cohi·
3005 1079 3034 1118 ⁵

723 1145 920 1210 beret
966 1149 1037 1209 et
1092 1145 1179 1208 ad
1243 1145 1635 1208 mundaneg
1686 1142 1888 1206 luxus
1949 1141 2314 1206 mollitiem
2376 1143 2720 1208 incitaret.
2829 1143 2968 1207 Sed

723 1233 830 1299 vir
872 1233 1012 1297 iam
1058 1233 1207 1297 Deo
1253 1233 1329 1296 in
1375 1231 1674 1315 pueritia
1720 1230 1966 1314 plenus
2012 1234 2272 1313 quanto
2321 1234 2428 1296 est
2473 1253 2515 1295 a
2559 1235 2760 1316 patre
2806 1231 2969 1314 plus

724 1322 1135 1406 prohibitus,
1195 1324 1415 1398 tant0,
1478 1320 1730 1384 mentis
1792 1323 2067 1402 arrepta
2118 1319 2553 1398 fortitudine,
2617 1313 2962 1385 caelesteh

725 1403 1119 1494 adquirerei
1180 1410 1313 1473 sibi
1371 1410 1775 1473 thesaurum
1823 1411 1894 1472 et
1941 1408 2152 1472 sacris
2197 1429 2268 1472 se
2317 1409 2735 1494 coniungere
2783 1408 2968 1473 litte·

724 1520 956 1563 rarum
1026 1499 1274 1562 studiis
1344 1491 1671 1562 anexiusk
1737 1496 2134 1560 anhelabat.
2249 1497 2500 1580 Fitque
2570 1498 2822 1561 mirum
2894 1498 2966 1560 in
3003 1523 3057 1560 ιο

724 1588 1027 1664 modum,
1091 1587 1296 1650 sicuti
1352 1606 1621 1710 semper
1681 1586 1914 1648 divina
1974 1605 2176 1668 agere
2237 1585 2414 1650 solet
2474 1586 2965 1662 misericordia,

723 1680 806 1740 ut
852 1697 975 1740 suo
1022 1674 1484 1740 inbecilliores
1566 1674 1817 1738 aetatis
1863 1674 2163 1738 militoni
2196 1673 2386 1738 Deus
2434 1678 2505 1739 et
2547 1679 2836 1758 coeptae
2867 1675 2969 1739 rei

726 1764 1057 1830 solacium
1118 1767 1189 1828 et
1252 1765 1533 1827 ancxiae
1593 1763 1975 1827 voluntatis
2033 1766 2479 1845 augmentum
2542 1763 2968 1827 obsistentis-

727 1873 859 1936 que
928 1853 1358 1935 repentinam
1433 1852 1648 1935 patris
1717 1851 2218 1915 motationemm
2279 1852 2528 1915 mentis
2599 1853 2970 1936 providens

729 1941 1214 2018 condonavitn,
1276 1941 1377 2004 ita
1438 1943 1518 2002 ut
1575 1960 1715 2003 uno
1776 1940 2152 2022 eodemque
2212 1941 2583 2024 temporis⁰
2646 1961 2969 2005 successu
3003 1963 3054 2004 ιε

729 2032 801 2094 et
866 2029 1124 2094 festina
1194 2032 1459 2112 patrem
1528 2029 1867 2110 egritudO,
1941 2028 2304 2093 subitaneo
2373 2030 2513 2092 iam
2581 2029 2968 2094 inminente

729 2118 971 2182 mortis
1010 2117 1323 2194 articulo,
1358 2117 1745 2200 subrepsitl'
1786 2121 1857 2181 et
1906 2117 2020 2200 pia
2050 2118 2451 2199 quantotius
2483 2119 2681 2202 pueri
2713 2139 2969 2201 magno

727 2207 1057 2290 temporis
1079 2206 1447 2270 intervallo
1467 2206 1871 2288 praepedita
1890 2205 2211 2270 voluntas
2235 2207 2644 2284 succrevit‘l,
2662 2207 2970 2271 domino-

728 2301 903 2377 quer
932 2295 1080 2359 Deo
1112 2295 1503 2369 adiuvante,
1531 2295 2022 2358 succrescendo
2046 2294 2335 2377 impleta
2358 2298 2500 2359 est⁸
2529 2316 2607 2359 ac
2632 2296 2966 2379 perfecta.

945 2382 1316 2465 Postquam
1393 2383 1571 2447 enim
1655 2384 1827 2446 miro
1904 2382 2436 2465 dispensationis
2505 2383 2637 2449 Dei
2703 2385 2967 2449 iudicio
3005 2408 3056 2446 20

728 2472 1075 2536 carnalem
1122 2473 1365 2555 ingens
1383 2469 1403 2508 t
1458 2472 1682 2536 sancti
1725 2471 1857 2534 viri
1904 2475 2165 2554 patrem
2217 2473 2604 2555 arripuerat
2649 2472 2965 2556 languor,

730 2561 1045 2644 deposita
1089 2581 1247 2624 mox
1293 2561 1587 2644 pristina
1632 2561 1927 2624 mentisu
1980 2560 2380 2643 pertinacia,
2444 2581 2753 2645 puerum,
2820 2583 2966 2646 pro-

727 2649 1183 2733 pinquorumV
1249 2649 1439 2713 facta
1508 2649 1982 2725 conventione,
2047 2650 2133 2712 ad
2195 2651 2706 2727 monasterium,
2781 2652 2969 2735 quod

726 2739 1105 2820 priscorum
1130 2740 1574 2821 nuncupatur
1598 2737 1933 2801 vocabulo
1961 2735 2678 2803 Ad-Escanoastre*·w·
2700 2739 2742 2816 ¹,
2771 2761 2968 2823 spon·

726 2829 992 2903 taneuS,
1054 2847 1094 2889 a
1141 2826 1439 2890 Domino
1499 2826 1776 2909 quidem
1839 2830 2262 2910 correptus1,
2330 2827 2582 2891 direxit
2640 2832 2712 2892 et
2771 2828 2967 2893 fideli
3003 2850 3054 2889 2⁶

724 2914 871 2978 viro
917 2914 1377 2992 Vulfhardoy,
1426 2915 1546 2997 qui
1593 2918 1664 2979 et
1717 2914 1968 2978 abbas²
2025 2915 2213 2978 illius
2261 2916 2495 2978 extitit
2540 2918 2963 2996 monasterii,

951 3050 1005 3119 ¹⁸¹)
1022 3049 1453 3103 Exhamchester
1467 3049 1616 3119 quod
1629 3050 1795 3103 modo
1806 3049 2021 3104 Exonia
2041 3050 2241 3104 dicitur
2252 3052 2524 3106 Iohannes
2535 3055 2598 3106 de
2609 3054 2964 3108 Grandiseon.

939 3174 975 3214 Ι.
1025 3173 1129 3222 Gap.
1161 3177 1200 3214 1.
1259 3176 1297 3215 1.
1329 3175 1399 3216 2a.
1418 3174 1456 3215 b.
1474 3185 1509 3215 c.
1540 3175 1580 3214 3.
1611 3177 1652 3216 4.

724 3246 769 3292 a)
809 3244 875 3282 cta
914 3245 963 3294 33
1007 3246 1181 3294 accepti
1222 3247 1245 3284 1
1286 3247 1374 3294 (pr.
1415 3248 1507 3293 m.).
1548 3246 1604 3284 2a
1643 3247 1734 3295 (pr.
1775 3249 1866 3297 η).
1909 3247 1949 3290 b.
1979 3257 2024 3295 c,·
2069 3257 2098 3285 a
2139 3249 2341 3296 concepti
2387 3248 2548 3300 (ortum
2589 3259 2644 3286 ea·
2685 3248 2882 3298 accepti)
2921 3250 2961 3289 4.

723 3298 751 3336 b
797 3298 989 3347 perfecti
1009 3300 1048 3348 1,
1080 3309 1192 3340 corr.
1300 3297 1341 3348 c)
1368 3299 1595 3347 proposito
1613 3311 1689 3348 pr.
1710 3311 1766 3339 m.
1788 3301 1858 3342 2a.
1874 3300 1925 3347 b,-
1951 3300 2229 3348 propositum
2249 3301 2310 3341 20.
2422 3299 2470 3350 d)
2499 3312 2584 3349 que
2604 3311 2716 3344 erac.
2734 3303 2780 3350 4,
2801 3313 2885 3344 om.
2904 3303 2964 3344 2ο.
3001 3307 3050 3346 30

723 3361 749 3389 ο
797 3351 1152 3400 contemplavam
1182 3353 1222 3390 1.
1330 3352 1367 3400 f)
1393 3352 1457 3390 ita
1488 3355 1523 3394 1.
1553 3353 1625 3394 2a.
1652 3354 1692 3395 4.
1800 3353 1848 3402 g)
1876 3353 1941 3391 ita
1961 3365 2056 3402 pr„
2086 3354 2336 3394 mundanae
2367 3355 2426 3393 al.
2457 3366 2514 3393 m.
2548 3357 2594 3405 13
2625 3352 2842 3394 mundani
2865 3357 2962 3397 rell.

723 3403 750 3441 h
802 3405 867 3442 ita
895 3405 957 3446 20.
987 3406 1014 3442 4
1042 3409 1079 3443 et
1099 3415 1174 3453 pr.
1200 3416 1256 3447 m.
1286 3407 1322 3447 1.
1352 3405 1430 3452 ΞΜ
1458 3405 1698 3445 caelestem
1727 3406 1798 3446 2a.
1829 3407 1867 3448 3.
1974 3406 2008 3452 i)
2036 3407 2101 3444 ita
2123 3409 2177 3461 ¹15
2208 3407 2294 3446 sibi
2322 3408 2456 3456 adqu.
2484 3408 2578 3449 rell,
2686 3408 2737 3455 k)
2767 3419 2792 3447 c
2814 3419 2890 3456 pr.
2909 3420 2964 3450 m.

721 3467 934 3505 super-scr.
964 3459 1004 3500 1.
1124 3458 1157 3508 l)
1183 3459 1248 3496 ita
1276 3460 1325 3507 1;
1356 3459 1646 3498 inbecillioris
1677 3460 1774 3499 rell.
1896 3461 1956 3507 m)
1986 3460 2050 3496 ita
2078 3461 2118 3502 1.
2143 3460 2196 3508 43
2228 3461 2466 3500 motionem
2495 3462 2568 3510 2b3
2598 3471 2668 3500 m:
2689 3462 2858 3500 tionem
2885 3473 2963 3510 pr.

721 3521 780 3553 m.
806 3510 889 3558 2a,·
917 3511 1210 3550 mutationem
1239 3511 1299 3553 20.
1321 3512 1346 3550 3
1374 3515 1412 3550 et
1431 3523 1487 3554 m.
1508 3514 1565 3553 al.
1595 3511 1665 3554 2a.
1773 3511 1819 3561 n)
1849 3510 2126 3552 condonaret
2152 3513 2213 3553 20.
2237 3513 2276 3554 3.
2388 3516 2431 3562 o)
2460 3518 2680 3562 tempores
2693 3513 2750 3564 (‘?)
2777 3514 2820 3563 3,
2852 3526 2965 3558 corr.

719 3562 769 3613 p)
806 3564 871 3601 ita
907 3563 1003 3615 (aut
1040 3565 1274 3614 surrepsit)
1312 3565 1377 3606 212.
1412 3566 1438 3603 4
1479 3569 1517 3604 et
1557 3567 1746 3612 fortasse
1777 3576 1852 3614 pr.
1893 3577 1950 3604 m.
1991 3566 2074 3613 2a,·
2113 3565 2392 3616 subrepserit
2430 3569 2468 3608 1.
2508 3568 2556 3618 33
2601 3568 2858 3615 subriperet
2900 3569 2962 3608 2⁶.
2998 3571 3048 3610 35

721 3618 768 3665 q)
796 3617 861 3654 ita
888 3618 929 3660 1.
954 3619 1005 3667 43
1044 3619 1283 3657 succrescit
1319 3618 1395 3668 2123
1436 3619 1714 3658 succreverit
1748 3619 1884 3666 (verit
1914 3630 1969 3661 m.
1998 3620 2059 3660 al.
2085 3619 2132 3656 in
2160 3629 2250 3662 rac.
2279 3620 2352 3668 2α)
2379 3621 2452 3663 2α.
2477 3621 2529 3670 33
2567 3627 2872 3661 succresceret
2899 3622 2962 3660 20.

722 3668 763 3719 r)
794 3669 859 3707 ita
886 3671 957 3712 2a.
975 3671 1079 3718 b.c,·
1107 3671 1205 3710 Deo
1234 3681 1311 3720 pr.
1338 3682 1396 3710 m.
1425 3681 1638 3720 super-scr.
1666 3674 1713 3722 13
1755 3670 1935 3710 domino
1963 3673 2148 3721 Deoque
2177 3672 2216 3714 3.
2246 3673 2286 3715 4.
2448 3672 2488 3723 s)
2524 3674 2585 3712 sit
2611 3674 2638 3714 8
2666 3678 2705 3711 et
2731 3685 2793 3712 m.
2827 3675 2888 3716 al.
2919 3676 2964 3712 in

721 3732 811 3764 rae.
841 3723 921 3770 2a,·
948 3728 1067 3762 esset
1094 3725 1153 3766 2ο.
1264 3723 1299 3773 t)
1328 3725 1531 3773 egritudo
1560 3737 1620 3764 m.
1651 3726 1711 3764 al.
1741 3735 1968 3774 super-scr„
1997 3737 2092 3763 cum
2120 3726 2373 3764 vocabulum
2401 3726 2590 3776 languor
2609 3728 2760 3775 primo
2788 3728 2962 3776 deesset,

720 3784 845 3812 versu
873 3776 1083 3824 prosc-imo
1110 3777 1343 3828 (Deposita
1378 3798 1431 3806 —
1467 3778 1734 3826 pertinacia)
1769 3782 1946 3816 eoeeunte
1975 3789 2049 3828 pr.
2077 3790 2132 3816 m.
2160 3780 2401 3828 suppletum
2434 3781 2472 3821 1.
2634 3783 2679 3828 u)
2715 3781 2966 3828 pertinatia

723 3828 887 3867 mentis
924 3829 991 3868 ea.
1015 3829 1053 3870 b.
1072 3839 1106 3869 c.
1271 3829 1319 3879 v)
1347 3831 1694 3879 propinquarum
1723 3831 1763 3880 3,
1792 3843 1905 3874 corr.
2067 3832 2129 3883 w)
2157 3829 2512 3886 Adescancastrq
2538 3833 2608 3874 2a.
2633 3834 2679 3884 ῦς
2711 3831 2963 3873 Δᾶεεοιιιῑ-
2996 3837 3048 3875 40

718 3884 865 3920 castre
894 3881 963 3931 ²⁶3
1005 3879 1360 3922 Adarconcastre
1387 3884 1467 3933 δας
1508 3882 1978 3924 Adexanceastre
2003 3883 2100 3933 5⁶⁸3
2138 3883 2572 3926 Adexancestre
2599 3886 2734 3935 50¹·23
2773 3887 2965 3926 Exan-

719 3939 912 3972 cestre
948 3934 1165 3973 lohannes
1205 3936 1257 3974 de
1295 3937 1565 3984 Tynemuthe.
1700 3941 1748 3984 x)
1789 3941 2024 3986 corruptus
2061 3939 2132 3987 2a,
2169 3949 2284 3982 corr.
2421 3942 2469 3990 y)
2509 3941 2574 3978 ita
2609 3940 2651 3982 3.
2685 3940 2758 3980 aa.
2792 3939 2896 3978 εΗ·
2919 3940 2962 3991 ⁸3

718 3986 961 4027 Valtharto
990 3987 1120 4038 (corr.
1141 3988 1309 4031 Woifh.
1336 3990 1407 4037 2α)
1434 3990 1503 4032 2α.
1525 3991 1575 4038 b,·
1603 3990 1866 4030 Wolfhardo
1896 3993 1936 4033 1.
1962 3991 2024 4033 20.
2049 3991 2090 4032 4.
2227 3991 2268 4042 z)
2304 3991 2415 4031 abb:
2447 4003 2523 4041 pr.
2550 4004 2606 4034 m.
2634 4003 2746 4034 corr.
2777 3985 2896 4033 abb!
2922 3996 2960 4033 1.

718 4093 772 4160 1)
814 4092 1089 4146 Emoniam
1125 4094 1409 4160 (Saxonice
1436 4101 1626 4163 postea
1663 4098 1752 4148 ‘oet
1789 4095 2190 4162 Exanceastre’‚
2229 4097 2381 4149 hodie
2415 4098 2658 4164 Eoeeteoy,
2694 4101 2964 4166 insignem

714 4163 982 4216 Devoniae
1035 4167 1318 4230 civitatem,
1370 4173 1498 4233 post
1549 4167 1844 4219 Iohannem
1904 4169 1967 4219 de
2024 4167 2364 4220 Grandisson
2423 4177 2558 4220 recte
2617 4171 2968 4236 interpretati
2995 4185 3045 4224 45

714 4241 841 4286 sunt
889 4241 935 4286 et
985 4236 1090 4287 alii
1137 4241 1185 4286 et
1233 4236 1543 4289 Edwardus
1584 4238 1653 4288 M
1650 4238 1838 4303 afficto,
1893 4239 2331 4304 Gonyreyationis
2367 4241 2698 4306 Anylicanae
2746 4243 2963 4292 ordim‘s

712 4306 1040 4358 sanctissimi
1066 4308 1425 4373 patriarchae
1461 4309 1734 4360 Benedicti
1767 4309 2028 4375 trophaea
2063 4308 2103 4358 I
2098 4348 2113 4373 ,
2166 4309 2348 4361 Remis
2386 4313 2543 4376 1625,
2588 4329 2645 4378 p.
2685 4313 2792 4365 740
2822 4328 2959 4378 sqq„

713 4377 814 4427 etei
844 4378 909 4428 de
943 4379 1099 4430 rebus
1134 4377 1531 4430 Examen-sibus
1578 4380 1734 4430 illius
1767 4381 1968 4431 saeculi
2015 4381 2150 4430 alibi
2195 4381 2342 4432 nihil
2389 4383 2653 4433 traditum
2703 4389 2795 4437 est.
2874 4383 2960 4447 Cf.

714 4443 961 4498 Edward
1010 4450 1075 4502 A.
1126 4448 1408 4515 Fremant,
1446 4450 1686 4502 ‘Eoeeter'
1725 4451 2014 4516 (Freeman
2066 4457 2113 4502 et
2161 4451 2334 4518 Haut,
2381 4451 2640 4504 ‘Historia
2686 4453 2956 4520 Towns'),

710 4514 1009 4568 Londinii²
1061 4521 1217 4586 1890,
1266 4537 1322 4588 p.
1364 4523 1431 4575 16
1455 4536 1604 4587 ⁸³qu
1652 4521 1720 4572 A.
1771 4521 1826 4575 S.
1877 4521 2088 4588 Napieo·
2137 4525 2182 4573 et
2229 4522 2310 4576 W.
2363 4522 2436 4577 H.
2481 4525 2778 4591 Stevenwm
2821 4524 2958 4576 ‘The
2991 4539 3042 4578 ω
