3167 5192
616 486 721 540 108
1195 480 1245 534 Ε
1283 479 1477 535 VITA
1513 479 1813 550 QUINTA
1848 479 2270 535 BONIFATII.

314 663 599 766 mss'ff'l‘fss‘j
615 686 848 748 regem
869 663 892 703 1
923 671 1125 728 Franc
1141 686 1177 727 o
1192 688 1224 726 r
1236 688 1281 727 u
1298 689 1362 726 m
1408 670 1580 727 adire
1597 672 1627 726 t
1672 684 2038 746 secumque
2086 664 2599 747 prestolaretur,
2635 665 2770 728 don
2779 685 2856 728 ec

618 755 793 819 Deia
849 754 1295 837 dispositione
1344 752 1576 835 aliqua
1623 745 1930 817 occasiob
1986 753 2130 817 voti
2177 774 2247 817 se
2295 756 2696 817 ostentaret.

390 868 595 907 sams.
831 838 983 925 (11).
1053 849 1371 906 Mortuo
1418 846 1716 923 igitur‘²
1757 847 2069 922 Pippino,
2102 848 2388 905 Karolus
2435 848 2517 904 in
2562 866 2858 924 regnum

620 939 1030 996 successit
1119 926 1500 1012 moxque‘l
1582 937 1986 994 Fresonum
2063 954 2333 1012 regem
2414 938 2858 995 hostiliter

618 1024 1067 1085 invadens⁰
1110 1021 1427 1095 occidit2,
1462 1026 1945 1083 Willibrordum
1991 1029 2277 1083 tantae
2325 1014 2632 1101 segetis
2670 1044 2859 1083 mes·
2897 1039 2928 1079 r>

620 1133 881 1174 sorem
980 1116 1192 1190 apud
1282 1114 1714 1172 Traiectumg
1809 1116 2245 1190 presulatu
2345 1115 2856 1173 sublimavit.

330 1187 870 1290 {affl‘ffiZIgitun
930 1202 1010 1262 ut
1064 1199 1153 1262 ad
1213 1198 1611 1282 supradicta
1669 1198 2046 1275 redeamus,
2111 1204 2292 1261 dum
2353 1205 2860 1279 triumphum

620 1295 978 1370 regalem
1024 1297 1104 1351 et
1148 1294 1657 1368 presularem
1687 1293 2208 1350 Willibrordi
2258 1294 2861 1367 promotionem

620 1384 1199 1458 comperisset,
1293 1382 1415 1438 vir
1490 1382 1609 1439 Dei
1695 1382 2206 1451 Bonifacius,
2303 1382 2574 1439 sciens
2665 1384 2862 1439 etiam

620 1460 951 1530 messemh
990 1472 1199 1528 inibi
1245 1471 1558 1539 multam,
1600 1472 1914 1545 operarios
1946 1487 2138 1527 vero
2185 1458 2359 1528 essei
2405 1488 2661 1546 paucos,
2708 1488 2862 1546 pre·
2900 1484 2954 1523 ιο

622 1562 843 1619 dicto
903 1560 1405 1635 archipresuli
1465 1559 1958 1617 coniunctus
2005 1578 2117 1634 per
2161 1565 2290 1617 tres
2337 1578 2538 1617 annos
2601 1561 2864 1635 predi·

621 1652 878 1709 cando
926 1653 1291 1724 cooperator
1335 1650 1511 1706 eius
1558 1636 1701 1706 estk
1751 1649 1980 1705 factus,
2047 1678 2865 1686 ——————

287 1755 601 1805 mambae.
837 1728 988 1813 (17).
1065 1767 1155 1775 -
1198 1767 1289 1775 -
1332 1767 1420 1774 -
1480 1738 1786 1794 Iterum
1831 1754 1957 1812 pro
2002 1738 2503 1796 familiaritate
2548 1738 2864 1814 pontificis

623 1828 953 1903 apostolici
997 1828 1280 1902 presul
1311 1826 1794 1884 Bonifacius
1840 1827 2033 1884 tercio
2064 1828 2332 1884 Romam
2362 1828 2538 1884 venit
2567 1828 2866 1903 benigne·

625 1935 774 1993 que
850 1917 929 1974 ab
1008 1933 1080 1973 eo
1150 1920 1483 1991 susceptus
1558 1916 1990 1991 aliquanto
2066 1920 2430 1992 tempore
2499 1921 2865 1974 sanctorum
2904 1927 2956 1967 15

434 2077 443 2087 ·
626 2007 805 2063 loca
852 1992 1334 2063 circueundol
1394 2005 1461 2061 in
1509 2005 1784 2061 eadem
1832 2006 2264 2080 provincia
2310 2006 2696 2063 cessavit.

369 2076 609 2168 {3221ssss
842 2083 1008 2171 (18).
1087 2087 1407 2152 Interea3
1443 2094 1634 2150 fama
1678 2094 1902 2151 beati
1932 2094 2279 2152 Willibaldi
2325 2095 2496 2169 apud
2527 2093 2866 2151 Cassinum

423 2184 723 2275 westfad
796 2185 1000 2240 instar
1075 2183 1396 2258 angelicae
1474 2183 1888 2240 sanctitatis
1965 2183 2524 2241 monachicam
2605 2184 2866 2241 vitam

471 2248 542 2275 ‘⁶'
595 2263 1072 2348 'degentism
1146 2272 1390 2329 huius
1474 2273 1752 2329 sancti
1826 2260 2018 2328 virii
2101 2289 2334 2329 aures
2413 2272 2866 2348 applicuit,

629 2363 762 2437 qui
808 2379 1036 2437 genere
1089 2361 1313 2419 itidem
1358 2360 1650 2436 Anglusn
1705 2365 2085 2435 sanctoque
2131 2360 2502 2419 Bonifatio⁰
2558 2365 2867 2435 cognatus
2903 2374 2958 2412 20

627 2454 774 2525 post
830 2451 1079 2525 longas
1138 2450 1850 2524 peregrinationis
1911 2450 2517 2519 afflictionesp,
2579 2454 2666 2507 ut
2725 2468 2870 2507 con·

627 2540 1029 2615 templationi
1102 2543 1472 2607 vacaret,
1564 2539 1766 2596 illuc
1843 2557 1925 2597 se
2000 2540 2381 2597 contulit.
2519 2539 2627 2597 De
2717 2556 2867 2615 quo

628 2630 923 2687 beatus
970 2628 1458 2686 Bonifacius
1504 2645 1762 2703 papae
1810 2646 2261 2704 suggerens
2321 2628 2683 2703 rogavit,
2748 2631 2865 2699 ut,

631 2733 833 2795 quam
883 2713 1180 2796 primum
1228 2732 1299 2775 se
1346 2712 1614 2775 occasio
1661 2713 2094 2788 ostentasset,
2145 2717 2265 2774 sibi
2312 2718 2638 2775 eundem
2685 2717 2868 2774 diri-

630 2824 817 2882 gere
862 2811 1247 2875 curasset,
1294 2810 1382 2863 ut
1432 2807 1514 2863 in
1574 2807 1907 2863 novella
1952 2824 2168 2863 messe
2216 2807 2378 2864 sibi
2438 2811 2871 2882 cooperator
2905 2818 2959 2859 25

631 2895 1139 2954 extitisset‘l.
1234 2895 1387 2967 Qui
1446 2899 1581 2953 tam
1630 2896 1964 2953 laudabile
2024 2897 2200 2952 eius
2266 2896 2676 2953 desiderium
2735 2913 2868 2969 ap·

452 3058 461 3067 ·
631 2986 971 3060 probans,
1040 2985 1411 3059 petentis
1482 2988 1672 3042 voto
1741 2984 2174 3043 satisfecit
2230 2986 2658 3060 virumque
2725 2985 2872 3041 Dei

342 3056 833 3159 'Zf'ffffssf‘g‘fflfsibir
897 3074 1297 3131 missurum
1354 3074 1665 3148 promisit.
1775 3074 1926 3131 Sed
1996 3074 2176 3130 dum
2245 3074 2536 3131 beatus
2605 3074 2869 3131 archi-

631 3164 913 3238 presul
958 3156 1187 3221 relicti
1231 3157 1429 3221 ovilis
1463 3178 1697 3221 curam
1730 3177 1976 3239 gerens
2005 3157 2382 3240 repatriare
2415 3157 2872 3221 desiderasset

635 3249 707 3311 et
751 3269 791 3309 a
838 3268 1040 3327 papa
1085 3268 1232 3308 cum
1277 3252 1647 3309 muneribus
1693 3250 1819 3309 ac⁸
1879 3256 2243 3309 sanctorum
2299 3252 2578 3327 reliquiis
2625 3252 2868 3309 honori·
2909 3266 2960 3305 30

632 3342 750 3399 flce
782 3342 1023 3398 ditatus
1069 3342 1575 3413 recessisset,
1615 3340 1839 3398 infra
1869 3341 2180 3398 Ticinum
2210 3341 2446 3399 Italiae
2483 3342 2872 3416 oppidum

630 3447 808 3488 cum
883 3420 1324 3505 Liutprandot
1413 3430 1967 3505 Longobardorum
2054 3447 2211 3505 rege
2231 3473 2245 3498 ‚
2334 3424 2490 3487 dieu
2571 3424 2712 3487 iam
2797 3424 2871 3486 in

845 3632 925 3673 VI.
980 3634 1116 3683 Capp.
1148 3633 1330 3673 10—18.
1400 3635 1439 3673 1.
1470 3634 1509 3672 2.
1540 3634 1580 3672 3.

632 3722 677 3774 a)
706 3723 747 3762 ei
775 3723 815 3761 3.
938 3723 985 3771 b)
1016 3722 1250 3762 occasione
1280 3721 1392 3773 (voti
1420 3723 1522 3771 om.)
1552 3723 1594 3761 3.
1719 3724 1759 3771 c)
1791 3733 1897 3771 ergo
1923 3722 1964 3763 3.
2095 3722 2138 3771 d)
2169 3733 2256 3770 que
2284 3733 2368 3761 om.
2399 3722 2439 3760 3.
2564 3722 2605 3771 e)
2634 3721 2800 3760 invasit
2828 3722 2868 3760 3.

632 3777 666 3825 f)
698 3776 864 3825 segetis
891 3777 931 3816 3.
1044 3777 1085 3823 g)
1116 3787 1174 3815 m.
1206 3777 1266 3814 al.
1297 3786 1511 3824 superarer.
1542 3776 1749 3816 Uztrieht
1777 3777 1815 3819 2.
1922 3776 1969 3825 h)
1999 3775 2064 3814 ibi
2091 3776 2276 3814 multam
2303 3786 2492 3815 messem
2520 3775 2561 3818 8.
2672 3775 2703 3824 i)
2726 3786 2808 3813 om.
2828 3776 2868 3814 3.
2907 3775 2958 3817 86

632 3828 681 3879 k)
710 3830 739 3871 t.
760 3834 829 3868 est
855 3828 881 3868 8
908 3840 1003 3867 cum
1031 3829 1291 3869 willibaldo.
1401 3831 1432 3878 1)
1462 3828 1703 3868 circuendo
1723 3830 1762 3868 3.
1875 3830 1934 3878 m)
1963 3830 2138 3877 agentis
2158 3830 2197 3869 3.
2307 3828 2356 3877 n)
2383 3828 2571 3877 Augluu
2590 3828 2638 3865 in
2655 3828 2808 3875 litura)
2828 3828 2868 3867 2.

634 3882 677 3931 ο)
706 3883 769 3921 ita
796 3883 875 3921 hoc
902 3884 996 3921 loco
1024 3882 1073 3932 33
1104 3882 1336 3921 Bonifacio
1366 3884 1404 3923 1.
1438 3884 1475 3923 2.
1603 3884 1648 3931 p)
1679 3883 1816 3923 aflict.
1847 3882 1887 3922 1.
2013 3884 2057 3930 q)
2088 3882 2304 3922 existeret
2330 3883 2370 3922 3.
2496 3882 2535 3933 r)
2565 3882 2684 3921 miss.
2715 3882 2800 3920 sibi
2827 3882 2868 3921 3.

633 3938 669 3985 ε)
701 3941 747 3975 et
773 3936 797 3974 2
826 3947 921 3974 cum
949 3936 1063 3977 Wa'll.
1175 3936 1209 3987 t)
1238 3936 1483 3985 Liutprado
1512 3934 1769 3983 Longbard.
1801 3937 1841 3976 1.
1953 3937 1997 3985 u)
2028 3938 2091 3974 ita
2118 3936 2170 3983 3,·
2198 3947 2283 3974 om.
2314 3938 2352 3975 1.
2383 3936 2422 3975 2.

635 4115 689 4182 1)
743 4112 955 4166 Ducem
1005 4119 1139 4165 recte
1187 4114 1461 4180 Alcvinus,
1508 4114 1568 4167 V.
1610 4114 1950 4165 Willibrordi
1998 4113 2044 4179 I,
2089 4116 2123 4169 5
2172 4114 2275 4177 (ed.
2325 4111 2490 4178 Jaffe',
2544 4112 2871 4164 Bibliotheca

641 4185 736 4251 VI,
772 4187 887 4244 44).
1031 4184 1086 4254 2)
1125 4184 1418 4237 Radbodus
1454 4202 1505 4238 a.
1534 4187 1654 4239 719.
1692 4191 1939 4237 mortuus
1973 4188 2189 4236 minime
2224 4201 2261 4236 a
2297 4184 2509 4236 Karolo
2545 4185 2744 4236 occisus
2777 4188 2869 4248 est,
2905 4193 2957 4231 40

632 4272 796 4323 neque
846 4272 913 4307 ex
962 4256 1179 4307 Alcvim‘
1223 4257 1395 4309 verbis
1442 4256 1491 4317 I,
1544 4258 1612 4311 13
1661 4257 1756 4319 (ih.
1799 4273 1859 4322 p.
1897 4258 1996 4312 49)
2045 4255 2261 4307 devicto
2311 4253 2585 4307 Rabbodo
2639 4255 2699 4305 id
2752 4270 2872 4307 con-

633 4327 837 4380 cludere
889 4328 1088 4381 licebat.
1305 4328 1361 4388 3)
1417 4327 1703 4393 Sequentia
1756 4343 1781 4379 e
1836 4327 1962 4378 Vita
2009 4327 2122 4381 III.
2174 4326 2477 4379 Willibaldi
2528 4341 2569 4380 c.
2624 4327 2690 4380 16
2745 4325 2870 4391 (SS.

632 4398 765 4465 XV,
795 4400 897 4453 103
911 4413 936 4461 ,·
969 4399 1090 4453 ΑΔ.
1128 4397 1223 4453 SS.
1260 4398 1397 4450 Iulii
1431 4397 1513 4465 II,
1553 4400 1685 4465 516)
1718 4399 1961 4465 pendent,
1990 4398 2337 4466 paucissimis
2370 4397 2542 4450 vorbe‘s
2577 4412 2604 4449 c
2638 4412 2678 4452 c.
2708 4400 2737 4452 1
2776 4397 2869 4463 (ib.

634 4486 686 4536 p.
726 4470 854 4536 512)
889 4470 1104 4523 additis.
