3167 5192
445 475 686 533 VITAE
724 474 1128 530 BONIFATII
1164 474 1526 531 AUCTORE
1563 476 1875 532 OTLOHO
1913 476 2149 532 LIBER
2172 478 2252 539 Π.
2362 482 2468 536 217

546 655 736 707 beatus
761 654 1076 709 Bonifacius
1114 654 1352 722 aliquem
1389 653 1537 723 cepit
1570 656 1756 708 locum
1790 654 2082 725 diligenter
2114 657 2401 725 explorare
2412 666 2443 697 a
2453 697 2467 725 ,

547 726 642 779 ubi
692 726 896 794 absque
947 724 1232 779 omniumb
1279 725 1717 779 contradictione
1767 730 1952 795 posset
2004 727 2293 780 cenobium
2340 744 2467 781 con-

547 800 756 850 struere
807 801 864 849 et
912 797 1226 866 monachos»,
1283 796 1434 849 cuius
1485 801 1542 849 et
1590 797 1705 865 ipse
1754 797 2104 867 professionis
2142 798 2341 867 extitit,
2397 799 2468 852 ad

547 868 649 922 Dei
697 868 990 921 servicium
1043 884 1394 938 congregare.
1468 868 1649 935 Unde,
1702 867 2002 938 inspirante
2050 870 2228 939 gratia
2266 869 2465 937 divina,

143 953 174 994 5
547 950 595 988 in
635 946 876 989 solitudine
913 950 1146 989 Bochonia
1155 956 1191 1001 0,
1241 960 1302 998 qu
1313 960 1336 987 e
1377 947 1437 990 ad
1478 962 1499 989 s
1510 961 1535 989 0
1547 951 1562 989 1
1572 951 1629 989 iu
1638 962 1660 989 s
1700 962 1724 988 r
1734 960 1757 989 e
1768 950 1822 1000 gi
1833 962 1854 989 s
1895 948 2119 990 dicionem
2159 952 2336 999 pertine
2347 952 2373 990 b
2384 962 2411 989 a
2421 956 2439 989 t
2452 979 2464 1002 ‚
2485 950 2613 991 Otzoh
2631 952 2700 1002 II,
2720 952 2786 994 17.

545 1022 691 1059 locum
733 1020 848 1059 sibi
888 1020 1167 1069 placitum
1209 1021 1406 1070 reperit
1446 1032 1684 1071 eumque
1724 1022 1925 1061 incolere
1966 1021 2240 1064 decrevit.
2308 1022 2467 1061 Hune

546 1092 692 1130 locum
737 1092 898 1131 iuxtad
943 1092 1089 1141 ripam
1134 1092 1333 1131 fluminis
1380 1090 1525 1132 Fulde
1571 1092 1709 1131 situm
1754 1093 2087 1132 Karlomannus
2098 1120 2110 1143 ‚
2166 1104 2366 1132 convoca
2381 1098 2399 1131 t
2414 1093 2430 1131 i
2445 1104 2465 1132 s

545 1174 566 1200 r
579 1162 706 1211 egni
733 1164 1063 1215 principibus,
1104 1159 1338 1212 predict
1351 1174 1377 1202 o
1423 1164 1635 1213 episcopo
1676 1174 1883 1203 summa
1920 1161 2061 1203 devo
2074 1164 2225 1203 tione
2265 1162 2465 1215 tradidit,

544 1234 608 1272 ita
635 1239 686 1272 ut
714 1234 770 1273 ab
789 1233 866 1272 illo
893 1234 991 1273 loco
1003 1234 1022 1255 ⁸
1050 1231 1266 1283 undique,
1296 1235 1351 1273 ab
1377 1235 1551 1274 oriente
1578 1235 1753 1273 scilicet
1770 1239 1817 1273 et
1835 1234 2082 1285 occidente,
2112 1246 2139 1273 a
2158 1235 2465 1284 septentrione

116 1310 174 1349 10
545 1310 590 1343 et
618 1305 820 1356 meridie,
851 1306 1034 1344 marcha
1061 1316 1141 1353 per
1170 1306 1257 1345 tria
1283 1306 1504 1345 miliaria
1539 1306 1861 1355 protendatur
1869 1308 1897 1347 ἲ.

439 1482 554 1521 Nota
573 1482 610 1525 ¹⁸².
682 1482 752 1523 201.
784 1485 824 1525 3.
851 1484 913 1524 30.

215 1571 262 1621 a)
293 1570 408 1611 Cum
438 1572 555 1609 enim
583 1575 764 1611 sanctus
791 1572 906 1613 Bon.
935 1573 992 1613 al.
1021 1572 1050 1611 1.
1081 1572 1276 1622 cepisset
1303 1573 1540 1620 exquirere
1568 1573 1720 1621 incipit
1747 1572 1807 1614 30.
1913 1573 1959 1624 b)
1989 1573 2111 1612 omni
2140 1573 2203 1615 30.
2308 1573 2349 1624 c)
2378 1574 2467 1612 Bo-

217 1624 380 1663 thonia
407 1626 471 1664 30.
617 1622 664 1676 d)
699 1636 757 1664 m.
787 1626 848 1664 al.
877 1626 1020 1673 suppl.
1047 1625 1118 1665 2d.
1265 1625 1307 1677 e)
1345 1626 1408 1664 ita
1436 1626 1483 1675 33
1514 1626 1621 1668 und.
1647 1628 1747 1665 loco
1775 1625 1846 1665 201.
1876 1627 1938 1667 30.
2078 1626 2112 1677 1)
2148 1626 2460 1675 protendatur.

215 1678 353 1717 Hunc
381 1677 527 1717 locum
556 1688 638 1727 pre
665 1678 870 1718 omnibus
899 1679 999 1717 aliis
1020 1680 1303 1719 monasteriis
1322 1685 1368 1719 et
1387 1680 1589 1719 ecclesiis
1610 1680 1667 1719 ab
1684 1681 1781 1728 ipso
1801 1679 1998 1719 fundatis
2026 1680 2075 1719 in
2094 1684 2270 1719 tantum
2289 1680 2461 1731 dilexit,

119 1735 174 1775 15
217 1729 342 1780 quod
370 1732 536 1771 ibidem
563 1742 844 1780 quocumque
872 1733 1018 1771 obiret
1046 1734 1191 1771 locum
1219 1733 1306 1772 sibi
1331 1732 1521 1783 eligeret
1539 1734 1787 1782 sepulture.
1821 1734 2066 1772 Admonuit
2084 1744 2264 1782 quoque
2282 1734 2465 1773 beatum

215 1784 402 1823 Lullum
429 1790 605 1823 sanctus
633 1785 908 1835 Bonifaeius,
938 1784 1114 1825 dicens:
1157 1784 1332 1825 ‘Itineri
1367 1790 1520 1825 nostro
1548 1787 1809 1826 necessaria
1833 1786 2053 1837 provide’,
2084 1788 2142 1825 ad
2169 1788 2465 1826 narrationem

217 1838 370 1876 Otlohi
389 1850 441 1887 p.
473 1840 566 1888 207,
587 1839 638 1878 25
667 1840 778 1877 redit
805 1839 867 1879 30.
