3167 5192
177 1515 236 1553 10

179 1959 235 1997 15

175 2847 233 2887 25

172 3808 231 3849 35

169 4112 230 4151 40

863 507 912 561 E
952 505 1144 561 VITA
1180 508 1474 578 QUINTA
1513 508 1934 565 BONIFATII.
2415 515 2518 569 109

274 710 594 755 occasum
663 695 1010 773 vergente,
1074 692 1254 755 sicut
1318 692 1507 775 prius
1566 698 1843 755 menbra
1903 699 2077 756 senio
2138 696 2209 758 et
2267 694 2516 760 itinere
2545 686 2818 788 Τῑξίζῗξζ*

274 783 467 841 fessa
525 787 933 843 recreabat.
1041 786 1238 844 Inde
1300 788 1784 862 digrediens
1830 787 2223 845 Baioariae⁸
2276 790 2515 847 incolas

274 874 587 943 visitavit,
635 902 2516 916 ——————————————

276 990 367 999 -—
398 992 489 999 —
518 992 606 999 -
653 965 987 1021 eandem
1031 965 1415 1039 provintiam
1460 966 1527 1021 in
1573 968 1845 1040 quatuor
1881 966 2102 1023 divisit
2131 967 2511 1041 parrochias,
2533 990 2651 1037 sap.
2671 990 2738 1031 38.

278 1050 597 1123 Quarum
662 1054 799 1109 uni
846 1054 1235 1128 episcopum
1280 1054 1536 1111 nomine
1582 1054 1946 1111 Iohannem
1999 1056 2068 1112 in
2126 1056 2303 1113 loco
2351 1056 2514 1114 Salz·

274 1127 519 1198 burchb
589 1142 783 1199 dicto
849 1144 1181 1217 primitus
1257 1142 1595 1217 prefecit,
1656 1144 1972 1201 secundus
2048 1144 2503 1203 Erimbertus⁰

274 1229 665 1305 Frisingensi
680 1250 710 1287 s
723 1220 754 1262 ‘¹
826 1233 1127 1305 ecclesiae
1194 1232 1618 1307 principatum
1689 1234 1970 1307 suscepit
1988 1276 2001 1302 ‚
2070 1234 2302 1291 tercius
2373 1234 2511 1292 Grai-

274 1318 535 1376 baldus
604 1320 685 1377 in
753 1321 1011 1396 Regina
1086 1322 1357 1379 civitate
1431 1319 1790 1395 pastorale⁰
1869 1323 2248 1380 excubitoris
2324 1325 2514 1399 magi-

275 1409 545 1465 sterium
605 1410 829 1479 subiit;
900 1408 1187 1488 quartae
1248 1404 1521 1480 diocesi,
1585 1404 1782 1468 cuius
1842 1411 2266 1486 principatum
2328 1408 2511 1490 apud

275 1485 601 1555 Eihstatf
684 1512 830 1557 esse
922 1494 1258 1569 decrevit,
1343 1493 1499 1557 ideo
1593 1500 2314 1574 superspeculatoremg
2394 1496 2511 1559 im·

274 1573 576 1663 ponereh
639 1582 932 1660 distulit,
996 1583 1159 1664 quia
1217 1582 1755 1665 promissionem,
1819 1603 2025 1665 quam
2085 1604 2126 1647 a
2186 1605 2366 1667 papa
2426 1586 2512 1649 de

274 1669 601 1734 missione
662 1664 883 1735 beatii
946 1671 1341 1735 Willibaldi
1400 1675 1836 1755 perceperat,
1901 1672 2187 1737 cottidie
2257 1673 2513 1737 effectu

272 1758 552 1841 impleri
619 1760 940 1843 speravit.
1055 1766 1324 1841 Igitur
1390 1767 1602 1841 apud
1669 1755 2096 1824 Baioariamk
2165 1768 2510 1825 christiani-

272 1855 429 1910 tatis
462 1854 679 1912 ordine
711 1856 831 1912 rite
861 1859 1215 1929 peract0‚
1264 1856 1347 1912 ad
1391 1856 1674 1930 proprias
1722 1856 2020 1931 ecclesias
2053 1856 2240 1914 rediit
2271 1875 2508 1915 suum·

274 1960 398 2017 que
446 1944 633 2001 ovile
680 1962 719 2001 a
764 1945 1058 2020 luporum
1103 1945 1419 2002 morsibus
1467 1949 1822 2002 sanatum
1871 1945 2226 2002 reddidit.
2289 1974 2376 1984 ——-
2423 1976 2510 1983 —

492 2020 657 2109 (21).
750 2061 837 2070 —
898 2062 981 2071 -·
1047 2062 1131 2070 —
1200 2034 1483 2091 Horum
1543 2021 1707 2090 uni¹
1767 2034 2183 2091 Wilfibaldom
2230 2050 2272 2092 a
2331 2050 2512 2114 papa
2528 2057 2587 2095 ab.
2607 2068 2643 2095 c.
2660 2058 2846 2105 8‚p.44.

274 2114 409 2178 sibi
456 2116 787 2180 directon·
808 2116 833 2154 1
880 2140 1031 2180 suae
1076 2123 1551 2198 gubernationis
1584 2124 1980 2197 parrochiam
2019 2124 2090 2180 in
2120 2124 2502 2181 Baioariae⁸

272 2209 572 2267 finibus
680 2213 877 2286 apud
966 2210 1257 2269 Eihstat⁰
1343 2212 1845 2281 commendavit,
1939 2213 2166 2269 alteri
2260 2218 2509 2271 autem

271 2299 579 2356 nomine
625 2300 1031 2358 BurchardoP
1088 2301 1367 2358 officium
1424 2302 1813 2375 pastorale
1871 2302 1939 2358 in
1985 2302 2121 2359 loco
2168 2303 2277 2376 qui
2325 2303 2509 2360 dici·

272 2392 397 2444 tur
441 2388 877 2447 Wirziburchq
933 2390 1269 2464 delegavit,
1318 2391 1612 2447 ecclesias
1657 2407 1805 2447 vero
1867 2390 1935 2447 in
1994 2391 2274 2447 confinio
2320 2392 2510 2449 Fran-

272 2494 491 2533 corum
538 2481 603 2535 et
648 2478 968 2537 Saxonum
1026 2484 1217 2554 atque
1264 2478 1631 2536 Sclavorum
1692 2496 1872 2536 suae
1930 2482 2508 2553 procurationi

272 2566 623 2640 deputavit.

488 2645 638 2732 (22).
746 2656 1071 2732 Cumque
1133 2651 1686 2715 Karlomannusr
1755 2650 2027 2715 divinae
2093 2652 2509 2736 contempla-

270 2738 452 2801 tioni
497 2759 567 2803 se
616 2740 798 2824 apud
835 2739 1192 2803 Cassinum
1242 2740 1701 2823 mancipasset
1718 2740 1760 2816 2,
1805 2750 2129 2803 cessante
2175 2746 2508 2805 hostium

270 2834 765 2907 perturbatione,
811 2852 949 2909 per
994 2836 1495 2893 exhortationem
1545 2832 1806 2892 beatis
1847 2834 2158 2892 Bonifacii
2201 2836 2507 2911 Pippinus
2526 2858 2721 2909 capas,

272 2922 445 3002 cepit
490 2924 821 2997 synodalia
865 2925 1163 2981 instituta
1208 2941 1575 2998 recuperare
1623 2928 1688 2981 et
1734 2924 1864 2981 suis
1910 2938 2034 3002 per
2071 2919 2302 2982 omnia
2348 2943 2506 2983 con-

272 3011 477 3069 siliis
533 3002 639 3068 int
698 3013 970 3070 Domino
1025 3031 1261 3088 parere.
1323 3040 2509 3052 —————————

487 3090 637 3177 (27).
707 3130 796 3138 —
835 3130 920 3137 —
958 3129 1043 3139 —
1078 3102 1342 3177 Sicqueu
1381 3119 1527 3159 cum
1572 3102 1836 3177 psalmis
1885 3107 1962 3159 et
2005 3104 2218 3176 ymnis
2264 3105 2507 3161 honori·
2526 3130 2583 3169 cb.
2600 3141 2650 3178 p.
2667 3130 2735 3169 53.

270 3190 386 3247 fice
434 3190 739 3261 ablatum,
791 3191 927 3248 sine
973 3192 1426 3266 remigantium
1480 3191 1694 3248 labore
1754 3192 2076 3248 tricesima
2138 3193 2348 3250 obitus
2410 3195 2509 3251 sui

273 3278 417 3335 diev
455 3279 847 3354 Mogontiam
895 3284 995 3337 est
1041 3281 1419 3337 delatum.
1501 3274 1637 3338 Sed
1682 3274 1756 3336 in
1804 3275 2044 3338 eodem
2092 3275 2339 3339 itinere
2387 3297 2508 3360 per

269 3362 520 3425 merita
579 3363 767 3427 beati
826 3363 1214 3427 BonifatiiW
1269 3363 1679 3427 miraculum
1749 3363 1834 3427 de
1895 3363 2179 3427 metallo
2240 3366 2506 3429 factum

271 3452 378 3515 est
424 3451 679 3534 priori3
724 3453 899 3514 haut
946 3452 1297 3517 dissimile.

486 3536 637 3622 (28).
732 3540 910 3605 Nam
972 3552 1262 3606 matrona
1315 3548 1630 3622 quaedam
1699 3547 1845 3603 sub
1905 3548 2128 3604 habitu
2201 3549 2506 3624 degens

270 3634 736 3693 sanctimoniali
799 3636 909 3693 inX
976 3638 1223 3711 proprio
1291 3638 1611 3693 domate
1672 3640 1892 3693 sancto
1951 3636 2314 3694 Bonifatioy
2369 3638 2504 3696 Fre-

2534 3532 2630 3571 Va'ta
2645 3533 2676 3571 Ι
2675 3560 2686 3573 .
2704 3533 2806 3571 Ptr-

2538 3587 2666 3624 mt'm't’
2678 3598 2714 3626 c.
2731 3587 2770 3627 9.

483 3802 560 3844 VI.
619 3804 756 3852 eapp.
788 3804 961 3845 18-28.
1032 3807 1072 3845 1.
1104 3806 1143 3844 2.
1174 3806 1215 3844 3.

267 3892 312 3937 a)
340 3891 565 3931 Bauuarie
594 3892 633 3932 1.
771 3894 816 3942 b)
846 3894 911 3931 ita
938 3892 985 3943 83
1022 3893 1223 3943 Sazburg
1250 3894 1296 3943 13
1328 3893 1545 3942 salzpnrg
1574 3894 1612 3933 2.
1751 3892 1790 3940 c)
1819 3891 2083 3932 Ermbertus
2111 3893 2150 3934 3.
2288 3892 2336 3945 d)
2364 3896 2426 3933 ita
2454 3896 2504 3946 33

267 3932 564 3993 Frisingensis
594 3946 641 3996 13
673 3946 987 3997 Frisingiensis
1016 3948 1054 3987 2.
1221 3946 1263 3995 e)
1300 3946 1537 3995 pastoralis
1565 3948 1608 3986 3.
1771 3946 1806 3994 f)
1844 3945 2044 3985 Eihsteit
2071 3951 2138 3986 est
2168 3948 2304 3995 (decr.
2335 3952 2440 3996 om.)
2467 3951 2506 3993 3.

267 4000 314 4047 g)
340 4000 556 4047 speculat.
586 4011 724 4048 super
750 4000 979 4049 imponere
1008 4000 1046 4040 3.
1213 4001 1260 4050 h)
1289 4001 1468 4048 impone
1497 3999 1535 4040 1.
1701 3998 1734 4046 i)
1765 4010 1850 4039 om.
1880 4000 1920 4038 3.
2084 3999 2132 4048 k)
2162 4001 2433 4041 Bauuariam
2463 4004 2500 4045 1.

266 4052 298 4100 1)
328 4052 422 4091 uni-1
450 4051 490 4101 1,
518 4064 633 4095 corr.
794 4054 853 4103 m)
892 4053 1159 4093 willebaldo
1198 4053 1235 4095 1.
1374 4052 1423 4104 n)
1464 4052 1644 4092 decreto
1681 4052 1720 4093 3.
1886 4052 1930 4101 ο)
1967 4053 2030 4091 ita
2069 4055 2106 4094 1.
2139 4054 2185 4104 23
2225 4055 2435 4095 Heihstat
2463 4058 2500 4099 3.

266 4106 313 4154 p)
344 4106 607 4145 Pur-charde
634 4106 675 4145 3.
787 4108 831 4154 q)
860 4107 1119 4155 wirziburg
1146 4108 1194 4158 23
1225 4107 1488 4147 Wirzeburc
1516 4106 1555 4147 3.
1669 4112 1709 4156 r)
1737 4106 2095 4145 Karolomannus
2123 4107 2162 4147 1.
2275 4110 2310 4157 s)
2340 4110 2434 4148 bati
2463 4111 2503 4150 1.

268 4160 301 4207 t)
332 4158 378 4197 in
407 4160 463 4199 D.
494 4169 577 4201 om.
609 4160 647 4200 3.
812 4162 860 4207 u)
897 4170 984 4209 que
1015 4170 1099 4199 om.
1129 4162 1167 4201 1.
1334 4162 1379 4210 v)
1421 4170 1503 4201 om.
1538 4160 1575 4200 1.
1743 4160 1800 4209 w)
1835 4160 1898 4197 ita
1926 4160 1968 4201 h.
2000 4161 2030 4199 l.
2061 4161 2110 4211 ³3
2140 4161 2362 4201 Bonifacii
2391 4166 2430 4202 1.
2461 4165 2500 4206 2.

265 4210 315 4262 x)
342 4213 589 4261 improprio
618 4213 658 4253 1.
768 4214 814 4265 y)
844 4214 1075 4253 Bonisacio
1103 4216 1144 4253 1.
1174 4214 1214 4256 2.

267 4352 321 4422 1)
360 4354 418 4405 E
453 4355 577 4405 Vita
614 4355 915 4407 Willibaldi
963 4370 1003 4410 o.
1044 4358 1111 4411 17
1150 4357 1272 4421 (SS.
1309 4356 1435 4422 XV,
1479 4356 1625 4416 103).
1821 4353 1878 4425 2)
1928 4355 2076 4407 Haec
2123 4372 2191 4408 ex
2227 4357 2509 4411 Einhardi

273 4426 335 4479 V.
374 4425 439 4476 K
436 4426 578 4478 aroli
626 4442 667 4480 c.
704 4429 755 4481 2.
800 4428 1025 4495 pendere
1060 4428 1323 4483 videntur.
1504 4425 1559 4495 3)
1610 4427 1842 4483 Traiecti
1884 4433 2060 4497 facto;
2103 4430 2174 4493 cf.
2212 4428 2502 4487 Willibald.

169 4510 228 4550 45
263 4512 306 4551 ο.
344 4499 381 4551 8
423 4498 501 4563 (p.
540 4499 627 4564 53,
667 4500 780 4565 20).
