3167 5192
705 459 963 514 XLVIII
1590 458 2054 516 PRAEFATIO.

704 641 779 707 in
811 641 1113 707 Historia
1142 641 1566 724 episcoporum
1604 641 1669 708 U
1667 641 2161 706 ltraiectensium
2176 641 2199 680 ¹
2231 641 2396 706 idem
2424 641 2945 724 martyroloyium

707 737 820 796 aut
863 736 1095 796 temtum
1139 730 1288 796 inde
1321 733 1699 812 pendentem
1746 729 2055 795 adhibuit.

918 820 1123 885 Locos
1180 818 1649 900 Bonifatianos
1711 841 1743 885 e
1809 817 2259 903 martyroloyio
2318 821 2707 901 depromptos
2770 817 2947 884 inter

701 908 869 974 vitas
918 911 1100 978 edere
1143 909 1348 973 visum
1393 915 1502 974 est.
1594 909 1646 972 I
1638 915 1926 990 ntegrum
1974 914 2180 973 autem
2220 907 2389 973 illud
2430 907 2708 973 servavit

924 996 993 1078 1)
1071 998 1262 1063 codex
1328 997 1392 1061 R
1407 1018 1519 1061 om
1535 1019 1578 1062 a
1594 1018 1743 1062 nus
1811 997 2162 1061 Vaticanus
2234 997 2496 1078 reyinae
2573 995 2945 1063 Christinae
2978 1022 3003 1060 5

704 1087 854 1152 Lat.
916 1108 981 1150 n.
1031 1093 1179 1165 441,
1250 1107 1409 1153 saec.
1477 1085 1564 1150 X.
1613 1085 1727 1166 in„
1794 1085 1943 1151 olim
2000 1086 2366 1166 Fuldensis,
2435 1086 2547 1164 fol.
2610 1091 2693 1150 46
2740 1105 2874 1166 sqq.
2898 1087 2939 1166 ²,

705 1175 885 1240 cuius
928 1181 1154 1257 partes
1213 1177 1302 1240 ad
1342 1174 1755 1254 Bonifatium
1800 1181 2151 1258 spectantes
2198 1171 2341 1255 (fol.
2374 1181 2479 1238 58.
2515 1180 2621 1238 59.
2658 1179 2760 1238 70.
2797 1173 2937 1257 72‘)

704 1264 980 1329 Iacobus
1027 1264 1343 1329 Schwalm
1387 1285 1445 1328 v.
1495 1285 1544 1328 c.
1594 1263 2060 1343 officiosissime
2104 1263 2383 1329 contulit.

918 1354 989 1437 2)
1060 1353 1459 1434 Fraymenta
1526 1352 1933 1417 bibliothecae
2001 1351 2790 1432 Duesseldorfensis
2864 1352 2939 1416 in

703 1441 963 1507 archivo
1011 1441 1184 1523 reyio
1229 1441 1502 1506 eiusdem
1549 1441 1826 1506 civitatis
1882 1444 2065 1507 modo
2123 1447 2467 1518 asservata,
2530 1440 2679 1505 olim
2739 1438 2935 1521 (saec.
2973 1465 3021 1504 ιο

707 1530 876 1614 XV)
926 1530 1102 1596 liber
1153 1531 1452 1594 fratrum
1499 1531 1753 1597 Sancte
1802 1531 2039 1596 Crucis
2101 1535 2479 1596 conventus
2524 1531 2937 1616 Mariepaeis

701 1641 912 1704 prope
973 1619 1488 1704 Rynghenberh
1509 1620 1552 1697 ³,
1624 1621 1829 1684 decem
1895 1618 2063 1700 folia
2129 1640 2288 1684 saec.
2357 1619 2448 1683 X.
2501 1619 2596 1683 in.
2666 1625 2939 1684 exarata

701 1707 1036 1789 continent,
1085 1729 1245 1790 quae
1291 1711 1365 1773 de
1411 1707 1779 1788 teyumentis
1824 1707 2106 1774 codicum
2163 1709 2433 1772 duorum
2490 1730 2689 1772 manu
2742 1708 2937 1789 scrip-

701 1802 904 1861 torum
951 1803 1010 1861 et
1053 1796 1204 1860 libri
1251 1796 1580 1862 cuiusdam
1626 1797 1919 1878 impressi
1964 1799 2245 1862 detracta
2289 1803 2440 1862 sunt
2482 1803 2667 1878 atque
2694 1817 2937 1862 menses

700 1884 1110 1966 Ianuarium,
1171 1885 1480 1967 Aprilem,
1535 1885 1815 1967 Maium,
1878 1885 2167 1968 Iunium,
2228 1886 2603 1967 Auyustum,
2670 1886 2934 1967 Septem·
2968 1907 3013 1946 ιτ»

700 1975 870 2038 brem
927 1974 1078 2054 plus
1145 1974 1358 2039 minus
1423 1975 1677 2039 mutilos
1743 1982 1803 2040 et
1869 1976 2209 2040 Kalendas
2285 1973 2576 2040 Octobres
2644 1974 2935 2058 complec-

699 2068 935 2144 tuntur,
986 2063 1204 2128 ceteris
1249 2063 1610 2145 deperditis.
1706 2064 1984 2129 Schedas
2028 2085 2071 2127 a
2116 2085 2180 2128 se
2224 2063 2364 2145 ipso
2421 2063 2717 2128 inventas
2771 2085 2831 2127 v.
2880 2084 2930 2128 c.

708 2152 827 2216 Th.
897 2152 1085 2234 Ilyen
1161 2151 1410 2216 archivi
1477 2152 1657 2217 illius
1719 2154 2087 2234 praefectus
2161 2174 2288 2235 qua
2363 2159 2456 2218 est
2528 2150 2933 2233 officiositate

699 2241 1072 2306 excutienda
1115 2239 1276 2304 mihi
1322 2241 1558 2305 obtulit.

911 2329 1292 2394 Dominicus
1330 2329 1537 2395 Geor
1545 2330 1765 2412 qius,
1814 2330 2353 2413 Martyroloyium
2382 2331 2656 2412 Adonis,
2689 2331 2933 2395 Romae
2962 2353 3012 2391 20

705 2424 906 2499 1745,
964 2440 1040 2502 p.
1104 2425 1488 2500 656—675,
1558 2419 2079 2502 martyroloyium
2138 2419 2458 2485 Fuldense
2521 2442 2553 2485 e
2622 2419 2827 2484 codice
2895 2426 2925 2483 1

679 2506 930 2589 publici
996 2507 1164 2572 iuris
1229 2507 1397 2590 fecit,
1468 2531 1500 2573 e
1559 2529 1680 2591 quo
1750 2510 1969 2573 laudes
2026 2508 2358 2588 Bonifatii
2426 2508 2529 2574 die
2596 2508 2929 2573 emortuali-

692 2597 932 2661 relatas
960 2596 1094 2661 iam
1124 2597 1209 2661 H
1213 2597 1735 2678 enschenius‚
1769 2598 1936 2663 Acta
1970 2604 2331 2663 sanctorum
2363 2597 2553 2663 Iunii
2583 2599 2645 2678 I,
2680 2602 2807 2661 456
2834 2617 2926 2678 sq.

691 2692 960 2750 eruerat.

1733 2838 1884 2902 ΠΙ.
2346 2811 2351 2814 ’
2958 2848 3005 2888 2⁵

707 2971 898 3036 Vita
943 2972 1214 3036 altera
1250 2969 1691 3049 Bonifatii
1737 2977 2069 3036 auctore
2105 2971 2490 3036 Radbodo
2537 2969 2674 3052 qui
2718 2969 2923 3036 dici-

1231 3065 1362 3123 tur
1406 3059 1783 3142 episcopo
1837 3058 2385 3126 Traiectensi.

908 3183 1272 3266 Liuolyerus
1301 3183 1624 3265 episcopus
1653 3184 1745 3247 M
1739 3183 2193 3250 onasteriensis
2223 3180 2283 3267 (†
2316 3182 2487 3267 809),
2526 3186 2676 3250 dum
2711 3183 2922 3249 Vitam

699 3272 1000 3356 Greyorii
1075 3271 1321 3338 abbatis
1398 3272 1824 3338 Traiectensis
1899 3279 2167 3338 enarrat
2182 3275 2225 3356 4,
2299 3272 2516 3355 ‘paene
2578 3274 2779 3356 plura
2849 3275 2921 3338 de

687 3369 904 3429 sancto
948 3361 1290 3441 Bonifatio
1334 3383 1526 3444 quam
1571 3364 1647 3426 de
1700 3361 2013 3444 Greyorio
2058 3362 2365 3444 discipulo
2409 3361 2546 3428 eius
2590 3361 2830 3426 rettulit
2847 3361 2918 3421 5'.
2955 3375 3003 3416 3⁰

687 3590 1024 3642 attribuenda
1061 3596 1150 3654 est,
1187 3592 1278 3641 cui
1309 3591 1526 3642 eandem
1562 3591 1927 3642 vindicaverat
1964 3590 2037 3646 H.
2063 3591 2273 3656 Steffen,
2314 3588 2400 3648 (Ν,
2426 3589 2612 3644 Arch!
2644 3588 2803 3656 XIV,
2831 3591 2917 3653 89,

686 3679 740 3716 n.
781 3664 827 3716 l.
1010 3662 1063 3727 1)
1109 3662 1211 3716 E'd.
1249 3661 1548 3726 Buchelius,
1607 3664 1763 3727 1642,
1808 3678 1867 3728 p.
1906 3664 1975 3716 33
1998 3678 2075 3728 sq.
2254 3661 2309 3730 2)
2361 3660 2441 3726 Cf.
2495 3661 2756 3726 Georqius
2806 3661 2842 3715 l.
2882 3661 2916 3715 l.

678 3751 738 3800 p.
775 3733 837 3784 X
845 3731 1016 3800 Vsq.;
1055 3732 1298 3785 ‘Archiv’
1324 3731 1463 3799 XII,
1490 3735 1630 3793 28οῐ
1665 3733 2069 3798 Ehrensberqer
2090 3734 2127 3788 l.
2155 3734 2189 3788 l.
2219 3750 2279 3800 p.
2308 3735 2412 3788 166
2436 3749 2514 3800 sq.
2660 3734 2715 3799 3)
2747 3730 2919 3783 Hodie

687 3804 1057 3867 Marienfrede
1104 3820 1272 3870 prope
1319 3804 1657 3870 Rinqenbery
1706 3803 1879 3870 (wey.
1898 3833 1919 3843 ·
1935 3805 2060 3862 ΒΘΖ,
2110 3804 2447 3870 Dasseldorf,
2502 3803 2669 3856 Kreis
2716 3803 2913 3863 Raes’).

684 3875 740 3938 4)
788 3874 893 3929 Ed.
929 3873 1383 3941 Holdcr-quer,
1423 3876 1517 3930 SS.
1557 3875 1685 3942 XV,
1726 3876 1954 3930 66-79,
2116 3874 2171 3942 5)
2222 3875 2302 3926 lb.
2343 3891 2404 3942 p.
2444 3877 2528 3929 63.
2615 3874 2761 3926 Unde
2795 3874 2914 3926 Alt-
2948 3877 2995 3918 35

685 3946 890 4010 fridus,
923 3945 984 3999 V.
1023 3946 1288 4011 Liudyeri
1322 3947 1368 4012 I,
1407 3948 1478 4001 30
1515 3947 1628 4014 [IL
1669 3947 1735 4012 6]
1776 3947 1898 4011 (SS.
1936 3946 2015 4010 II,
2054 3948 2159 4001 413
2174 3969 2191 4012 ;
2240 3947 2523 4014 Dielcamp,
2565 3945 2913 3998 ‘Geschichts-

685 4018 891 4084 quellen
926 4018 1017 4068 des
1053 4017 1329 4069 Bisthums
1363 4017 1635 4070 Manster’
1673 4018 1712 4069 I
1720 4018 1774 4077 V,
1816 4018 1971 4084 1881,
2009 4033 2070 4084 p.
2108 4020 2221 4084 35),
2258 4018 2320 4069 de
2354 4018 2470 4069 sola
2505 4017 2627 4068 Vita
2666 4017 2916 4082 Greqorii

685 4105 848 4156 ayens
880 4089 1128 4156 scripsit:
1175 4086 1311 4140 Erat
1347 4091 1564 4141 sanctus
1602 4086 1911 4157 Liudgerus
1948 4089 2006 4141 in
2042 4088 2323 4158 scripturis
2360 4089 2522 4141 sacris
2558 4104 2672 4140 non
2707 4085 2914 4139 medio-

685 4159 850 4214 criter
885 4157 1147 4226 eruditus,
1183 4157 1325 4210 sicut
1360 4157 1417 4210 in
1465 4158 1609 4212 libro
1661 4159 1731 4211 ab
1783 4175 1848 4213 eo
1900 4159 2202 4228 composito
2253 4159 2322 4212 de
2358 4159 2473 4212 vita
2522 4156 2915 4212 venerabilium

684 4231 798 4284 eius
848 4230 1155 4299 doctorum,
1193 4227 1448 4298 Gregorii
1497 4229 1705 4283 seilicet
1754 4233 1810 4284 et
1846 4229 2080 4298 Albrici,
2131 4234 2320 4299 aperte
2367 4230 2665 4299 probatur-3
2714 4228 2811 4282 sed
2860 4231 2993 4283 01:4⁰

683 4301 1088 4368 primordia
1160 4300 1399 4354 sancti
1458 4299 1839 4355 Bonifaoii
1899 4301 2259 4354 adventus
2332 4305 2546 4370 atque
2620 4299 2912 4353 ordina·

684 4371 942 4438 tioni8‚
981 4390 1120 4440 quae
1154 4371 1374 4425 fuerant
1408 4371 1468 4425 in
1505 4371 1613 4425 alio
1650 4372 1913 4441 opusculo
1950 4380 2020 4438 (v.
2047 4375 2227 4438 infra)
2261 4372 2659 4441 praetermissa,
2683 4370 2911 4440 pulchro

684 4458 933 4496 sermone
969 4444 1085 4513 ipse
1123 4441 1455 4512 conscripsit.
1531 4443 1612 4508 Cr.
1650 4441 2089 4510 Holder-quer
2122 4446 2159 4504 l,
2197 4446 2234 4499 l.
2277 4462 2337 4512 p.
2375 4447 2461 4512 63,
2513 4459 2569 4500 n.
2605 4446 2658 4500 4.

3133 935 3136 1024 i
