3167 5192
376 2006 533 2045 natm.
554 2006 621 2056 20,
632 2007 673 2046 ⁷.

696 473 803 527 152
931 466 1175 524 VITAE
1210 466 1616 523 BONIFA'I'II
1650 467 2010 526 AUCTORE
2046 468 2353 525 OTLOHO
2389 470 2625 526 LIBER
2649 472 2697 528 1.

690 657 936 717 sancta
993 652 1125 717 sibi
1184 652 1546 717 commissa
1612 653 2004 717 omnimodo
2075 653 2462 719 destruunt.
2579 653 2638 719 Ο
2710 675 2934 719 mores

696 742 890 826 pravi
937 741 1205 807 cunctis
1250 742 1528 806 omnino
1577 742 1878 817 dolendi,
1927 763 1968 806 o
2005 742 2396 807 miseranda
2427 743 2630 807 nimis
2663 764 2931 807 morum

696 830 992 894 mutatio
1036 830 1219 907 talis,
1269 852 1427 895 cum
1472 832 1672 915 pueri
1721 831 2016 907 senibus,
2079 832 2268 896 caeci
2327 832 2747 909 videntibuS,
2815 834 2934 896 im-

694 919 903 1005 periti
980 920 1252 1003 peritis,
1331 919 1493 984 laici
1568 920 1835 985 clericis
1910 920 2369 1004 religiosiores
2442 920 2931 985 inveniuntur!

696 1006 1055 1087 Quondam
1128 1029 1423 1091 namque
1491 1009 1565 1071 in
1635 1008 2002 1093 provinciis
2073 1009 2309 1073 multis
2328 1060 2341 1087 ,
2413 1010 2536 1074 ubi
2555 1060 2568 1085 ,
2647 1014 2932 1075 sanctae
2971 1034 3004 1073 5

695 1096 1022 1181 ecclesiae
1097 1098 1300 1162 vinea
1371 1098 1644 1162 noviter
1711 1097 2030 1182 plantata
2046 1148 2060 1175 ‚
2132 1099 2430 1162 necdum
2495 1098 2607 1162 vel
2675 1099 2934 1162 notitia

694 1186 1050 1250 fructuum
1110 1186 1567 1271 spiritalium²
1621 1187 1712 1251 ad
1772 1206 2008 1251 omnes
2069 1187 2400 1270 pervenit,
2463 1207 2504 1249 a
2563 1181 2924 1270 pluribusb

680 1274 1117 1340 secularibus
1184 1275 1348 1339 viris
1424 1275 1816 1340 dicebatur:
1897 1274 2259 1355 ‘Quoniam
2336 1296 2460 1359 pro
2541 1275 2934 1359 fragilitate

692 1366 931 1428 nostra
976 1384 1017 1427 a
1063 1364 1409 1428 consuetis
1456 1365 1700 1427 mundi
1745 1364 2011 1429 deliciis
2057 1365 2335 1448 penitus
2368 1364 2764 1429 continere⁰
2805 1386 2934 1429 nos

693 1453 1077 1535 nequimus,
1126 1452 1359 1516 saltim
1402 1453 1514 1518 vel
1561 1453 1733 1517 alios
1781 1454 2212 1517 continentes
2260 1454 2350 1517 ad
2397 1453 2756 1517 servitium
2799 1453 2935 1519 Dei
2970 1478 3022 1515 ιο

686 1545 1211 1625 congreganteS,
1260 1540 1419 1605 illos
1464 1536 1760 1606 nostris‘¹
1813 1541 2284 1625 corporalibus
2331 1543 2655 1606 subsidiis
2701 1564 2936 1625 pasca-

686 1649 867 1707 mus,
916 1634 997 1693 ut
1057 1634 1167 1694 et⁰
1220 1630 1355 1714 ipsi
1414 1631 1842 1696 orationibus
1901 1631 2042 1694 suis
2103 1631 2391 1713 aliisque
2452 1626 2928 1715 spiritalibusf

694 1720 944 1783 studiis
990 1738 1116 1782 nos
1163 1723 1471 1802 pascant,
1534 1740 1622 1784 ne
1682 1718 2079 1803 pereamus’.
2187 1720 2392 1784 Nunc
2453 1723 2708 1798 autem,
2773 1742 2932 1785 cum

694 1808 999 1871 omnium
1047 1808 1387 1871 virtutum
1434 1808 1726 1873 scientia
1771 1812 1886 1872 et¹3
1937 1809 2364 1892 experientia
2409 1810 2640 1892 aliqua
2687 1813 2760 1874 et
2807 1811 2922 1873 ine

694 1896 889 1961 libris
935 1896 1206 1984 prolata
1250 1918 1427 1981 pene
1474 1898 1563 1961 ad
1611 1898 1918 1962 omnium
1950 1898 2291 1961 ‘noticiam
2324 1899 2636 1982 pervenit
2668 1897 2934 1962 nullus·
2971 1920 3020 1959 15

693 2006 825 2069 que
874 1986 1407 2050 christianorum
1457 1987 1684 2051 dicere
1730 1990 1992 2071 potest:
2051 1985 2220 2067 Quia
2249 2006 2430 2050 nemo
2461 2007 2576 2049 nos
2607 1986 2930 2065 conduxit,

692 2078 840 2139 tam
900 2075 1134 2139 clerici
1193 2096 1399 2157 quam
1468 2074 1629 2139 laici
1698 2075 1978 2159 plurimi
2047 2076 2273 2139 dicere
2343 2069 2645 2140 solenth÷
2723 2075 2934 2155 ‘Quid

693 2168 983 2248 prosunt
1057 2166 1167 2227 tot
1236 2164 1524 2249 cenobia
1590 2162 1702 2229 vel
1769 2166 1971 2227 tanta
2039 2165 2526 2228 monachorum
2601 2166 2932 2248 agmina?

692 2253 920 2316 Multo
968 2253 1151 2317 enim
1198 2253 1443 2317 melius
1474 2255 1674 2328 esset,
1706 2256 1788 2316 ut
1819 2253 2078 2337 predia,
2112 2253 2359 2337 quibus
2390 2254 2572 2317 idem
2607 2255 2936 2318 monachi

692 2335 1069 2405 inutiliteri
1111 2342 1536 2425 saginantur,
1572 2342 1850 2407 servitio
1882 2345 2118 2406 nostro
2149 2342 2665 2426 prestarentur'.
2732 2343 2930 2407 Haec
2969 2364 3020 2402 20

694 2431 970 2514 quidem
1019 2430 1223 2493 multi
1270 2430 1515 2509 verbiS,
1563 2432 1684 2495 sed
1731 2430 1952 2495 multo
2012 2431 2243 2515 plures
2303 2451 2581 2515 operum
2647 2452 2928 2495 suorum

695 2521 1141 2585 attestatione
1210 2514 1356 2584 ita¹1
1421 2540 1566 2585 esse
1634 2521 1967 2593 fatentur,
2036 2520 2232 2603 quasi
2289 2520 2565 2584 malicia
2626 2523 2696 2585 et
2754 2521 2932 2585 inre·

693 2609 1029 2693 ligiositas
1091 2629 1329 2674 eorum
1396 2631 1438 2673 a
1496 2609 1796 2673 Domino
1860 2610 2086 2673 minus
2146 2609 2495 2693 puniatur,
2566 2610 2626 2672 si
2691 2609 2929 2673 nullus

694 2699 1070 2763 monachus
1118 2698 1226 2763 vel
1273 2697 1635 2781 religiosus
1681 2700 1752 2761 in
1801 2692 1966 2761 hoc¹
2027 2698 2258 2762 seculo
2304 2698 2718 2761 inveniatur.

907 2782 1059 2871 (38).
1170 2787 1267 2850 At
1336 2787 1822 2851 Karlmannom
1890 2788 2164 2871 prefato
2239 2787 2445 2871 longe
2522 2788 2659 2850 alia
2737 2808 2929 2851 mens
2967 2806 3018 2845 25

694 2879 862 2940 erat.
956 2874 1113 2954 Qui,
1161 2875 1327 2939 licet
1375 2878 1535 2940 ante
1582 2877 1808 2940 sancti
1854 2876 2193 2939 Bonifatii
2238 2877 2780 2960 predicationem
2845 2877 2929 2940 de

692 2964 1027 3047 religione
1076 2965 1454 3028 christiana
1498 2986 1742 3049 parum
1773 2966 1940 3049 quid
1973 2965 2262 3042 noverit,
2298 2986 2378 3029 eo
2411 2969 2642 3029 tamen
2678 2986 2929 3028 ammo-

693 3056 945 3117 nenten
990 3057 1063 3117 et
1108 3056 1538 3130 exhortante,
1589 3054 1793 3117 citius
1839 3054 1914 3116 in
1959 3056 2207 3119 timore
2255 3057 2326 3118 et
2372 3075 2600 3118 amore
2647 3054 2780 3120 Dei
2828 3055 2952 3117 ita·

692 3142 1043 3227 perfectus
1104 3161 1249 3206 esse
1312 3142 1515 3227 cepit,
1577 3146 1660 3205 ut
1719 3142 2024 3206 humana
2084 3142 2288 3206 simul
2351 3146 2422 3207 et
2482 3144 2716 3207 divina
2776 3164 2929 3226 pru-

693 3231 939 3296 denter
1006 3231 1400 3315 disponeret
1460 3230 1772 3314 nihilque
1828 3232 2166 3295 secularia
2223 3233 2376 3295 iura
2445 3232 2590 3296 sine
2660 3232 2919 3295 divini0
2967 3251 3014 3289 ao

693 3320 1312 3385 amministratione
1360 3320 1642 3396 servitii,
1691 3320 1781 3383 ad
1826 3322 2010 3403 quod
2057 3320 2471 3405 cenobialis?
2525 3322 2928 3385 monastica-

692 3430 825 3492 que
883 3410 1369 3493 congregatioq
1424 3410 1820 3493 deputatur,
1883 3412 2213 3493 proficere
2261 3411 2640 3474 crederetr.
2736 3410 2930 3473 Simi-

694 3497 856 3562 liter
932 3503 1003 3563 et
1081 3499 1381 3563 Karolus
1457 3499 1756 3583 Magnus
1775 3550 1790 3574 ,
1883 3498 2068 3562 filius
2153 3498 2417 3563 scilicet
2507 3499 2746 3562 fratris
2824 3499 2930 3562 sui

693 3586 1010 3671 Pippini⁸
1069 3589 1468 3672 supradicti,
1531 3589 1651 3671 qui
1697 3609 1738 3651 a
1783 3588 2003 3652 Roma
2060 3609 2276 3672 usque
2331 3588 2404 3651 in
2455 3588 2778 3665 mesia-m,
2843 3588 2928 3651 ab

693 3673 1039 3760 Ungariat
1118 3698 1334 3760 usque
1412 3678 1543 3741 adu
1622 3677 2082 3740 Brittaniamv
2157 3678 2388 3741 omnia
2462 3697 2679 3759 regna
2757 3682 2929 3741 suoW
2964 3695 3008 3735 35

694 3766 967 3849 subegit
1041 3766 1362 3849 imperio,
1444 3786 1599 3830 cum
1670 3769 1912 3830 contra
1979 3766 2216 3830 eadem
2291 3767 2708 3843 decertaret,
2789 3786 2930 3830 non

694 3854 897 3920 aliter
941 3855 1300 3919 victoriam
1347 3876 1417 3919 se
1481 3876 1678 3939 posse
1727 3855 2015 3938 adipisci
2077 3855 2391 3931 credidit,
2455 3855 2590 3919 nisi
2649 3855 2928 3919 interim

907 4066 1009 4106 VII.
1066 4066 1201 4113 Gapp.
1232 4065 1297 4106 37.
1329 4065 1395 4106 38.
1465 4065 1501 4105 1.
1535 4066 1602 4105 2a.
1622 4065 1660 4105 b.
1682 4076 1720 4107 c.

694 4154 736 4204 a)
774 4154 837 4191 ita
865 4156 913 4203 1;
952 4152 1250 4202 spiritualium
1278 4154 1375 4193 rell.
1538 4153 1583 4204 b)
1624 4154 1686 4191 ita
1716 4154 1762 4203 13
1801 4154 2004 4201 plurimis
2039 4154 2137 4196 rell.
2295 4154 2334 4203 c)
2375 4153 2436 4191 ita
2465 4153 2513 4202 1;
2554 4164 2635 4192 nos
2675 4157 2796 4195 cont.
2835 4153 2926 4190 rell.

694 4204 739 4255 d)
769 4218 850 4249 om.
878 4208 939 4249 Sc.
1048 4206 1089 4257 e)
1118 4217 1201 4246 om.
1234 4208 1272 4249 1.
1377 4206 1413 4256 t)
1440 4206 1504 4245 ita
1531 4207 1579 4255 13
1611 4206 1917 4255 spiritualibus
1945 4208 2040 4249 rell.
2161 4213 2202 4255 g)
2232 4216 2448 4255 superscr.
2480 4208 2543 4247 2c.
2652 4206 2700 4255 h)
2727 4206 2928 4245 solentur
2959 4207 3006 4245 40

693 4260 768 4309 21³,
809 4271 923 4302 corr.
1083 4258 1115 4308 i)
1158 4271 1216 4299 m.
1260 4260 1319 4298 al.
1365 4260 1433 4309 (9)
1476 4264 1624 4309 postea
1665 4261 1807 4309 suppl.
1853 4262 1890 4302 1.
2053 4260 2098 4308 k)
2147 4261 2212 4299 ita
2253 4270 2351 4299 esse
2399 4271 2456 4299 m.
2500 4260 2558 4301 al.
2599 4268 2817 4308 super-scr.
2865 4260 2927 4300 21».

694 4314 725 4365 1)
761 4324 978 4361 superscr.
1018 4312 1085 4355 sb.
1244 4314 1303 4364 m)
1340 4313 1404 4351 ita
1423 4324 1499 4362 pr.
1528 4324 1586 4351 m.
1619 4315 1666 4363 13
1707 4314 2010 4352 Karlomanno
2042 4314 2139 4352 rell.
2303 4315 2348 4361 n)
2388 4314 2537 4351 animo
2566 4317 2716 4352 mente
2744 4313 2786 4361 1,
2815 4323 2924 4350 corr.

693 4366 739 4418 o)
774 4365 926 4407 divine
954 4368 993 4417 1,
1026 4377 1139 4407 corr.
1275 4368 1323 4415 p)
1350 4366 1581 4407 cenobiale
1610 4368 1650 4417 1,
1680 4377 1792 4405 corr.
1931 4365 1976 4415 q)
2008 4368 2071 4404 ita
2100 4369 2148 4417 13
2178 4364 2280 4416 dep.
2307 4377 2457 4413 congr.
2485 4367 2581 4407 rell.
2721 4365 2761 4415 r)
2791 4366 2851 4403 ita
2878 4367 2923 4413 13

692 4419 830 4459 sciret
865 4420 962 4460 rell.
1126 4420 1162 4471 s)
1200 4420 1351 4469 Pipini
1380 4420 1445 4462 sb.
1607 4422 1641 4467 t)
1679 4420 1877 4469 Ungariii
1905 4421 1945 4468 1,
1977 4430 2092 4459 corr.
2258 4419 2304 4469 u)
2341 4420 2404 4457 ita
2433 4420 2480 4469 13
2512 4420 2560 4458 in
2587 4419 2720 4469 2a.b;
2751 4430 2835 4458 om.
2861 4420 2920 4459 2c.

694 4471 740 4523 v)
768 4474 1017 4513 Britaniam
1047 4475 1093 4524 13
1124 4474 1425 4513 Brittanniam
1454 4473 1519 4515 eb.
1536 4484 1571 4514 c.
1679 4474 1738 4524 w)
1767 4474 1945 4522 subegit
1972 4484 2053 4513 suo
2081 4474 2147 4515 2b.
2955 4472 3002 4511 45

3120 1312 3125 1459 ε
