3167 5192
416 529 658 585 VITAE
691 528 1097 585 BONIFATII
1134 529 1493 586 AUCTORE
1530 530 1840 587 OTLOHO
1875 531 2114 587 LIBER
2135 532 2216 590 Π.
2337 538 2440 592 161

196 738 423 795 semper
478 719 823 794 spurciciis³
874 720 1055 778 vitam
1112 720 1392 790 ducentes,
1451 720 1553 779 sub
1613 721 1723 779 tali
1783 722 2103 781 testimonio
2169 728 2443 783 venerunt
2457 743 2597 792 Epist.
2613 744 2684 785 50.

198 810 279 869 ad
322 809 689 869 diaconatum
734 813 789 867 et
830 808 995 867 modo
1038 808 1107 866 in
1156 808 1484 879 diaconatu,
1538 809 1877 869 concubinas
1919 809 2082 869 IIII
2124 812 2213 871 vel
2261 811 2316 871 V
2352 813 2442 872 vel

184 899 398 972 plures
469 902 639 957 noctu
708 898 775 956 in
848 897 987 956 lecto
1061 896 1321 957 habentes
1335 944 1354 968 ,
1444 898 1798 975 euanyeliwm
1873 904 2060 958 tamen
2133 900 2313 975 leyere
2385 906 2441 961 et

194 976 512 1047 diaconosb
574 1004 633 1045 se
698 986 997 1045 nominare
1054 1004 1153 1045 nec
1214 987 1543 1045 erubescunt
1598 1005 1698 1045 nec
1753 992 2038 1057 metuunt,
2107 994 2162 1048 et
2225 990 2310 1048 sic
2373 991 2440 1049 in

131 1093 158 1131 5
196 1076 417 1135 talibus
466 1076 698 1135 incestis
764 1074 843 1134 ad
899 1074 1159 1134 ordinem
1204 1075 1624 1149 presbiteratus
1679 1076 1959 1135 venientes
1973 1124 1992 1148 ,
2049 1078 2116 1137 in
2174 1078 2429 1138 hisdem⁰

185 1166 448 1239 peccatis
466 1164 808 1239 perdurant
824 1168 895 1233 et,
911 1168 1151 1238 peccata
1162 1164 1415 1238 peccatis
1436 1164 1764 1235 adicientes,
1787 1165 2004 1237 dicunt,
2018 1184 2080 1225 se
2089 1185 2207 1241 pro
2220 1169 2439 1242 populo

184 1272 365 1328 posse
390 1254 735 1313 intercedere
763 1258 817 1311 et
836 1270 1039 1311 sacras
1068 1253 1377 1311 oblationes
1420 1252 1652 1327 offerre,
1681 1254 2005 1325 novissime,
2037 1256 2186 1329 quod
2217 1247 2432 1330 peiusd

194 1348 303 1413 est,
340 1344 442 1402 sub
479 1343 690 1401 talibus
724 1342 1065 1401 testimoniis
1088 1360 1202 1415 per
1235 1341 1453 1416 yradus
1486 1342 1740 1417 sinyulos
1769 1344 2144 1415 ascendentes,
2167 1346 2435 1405 ordinan-

196 1432 339 1491 ture
372 1437 427 1491 et
458 1432 831 1491 nominantur
868 1431 1147 1505 episcopi,
1185 1459 1273 1469 --
1308 1432 1409 1502 si,
1454 1432 1791 1505 inquam,
1840 1433 2035 1492 tales
2077 1434 2437 1494 invenero

105 1538 159 1574 ιο
195 1521 391 1580 inter
418 1521 616 1591 illos,
638 1538 832 1595 royo,
856 1525 921 1579 ut
940 1520 1178 1579 habeam
1189 1524 1523 1593 preceptum
1545 1509 1640 1578 etf
1671 1521 2052 1595 conscriptum
2075 1524 2439 1583 auctoritatis

195 1616 441 1681 vestrae,
486 1609 626 1685 quid
660 1610 728 1667 de
759 1608 971 1668 talibus
998 1607 1321 1681 diffiniatis
1331 1609 1387 1684 3,
1436 1596 1529 1667 eth
1564 1627 1672 1683 per
1699 1628 2034 1684 responsum
2063 1612 2437 1686 apostolicum

196 1700 613 1757 convincantur
670 1703 723 1757 et
780 1702 1105 1773 aryuantur
1150 1702 1494 1771 peccatores,
1603 1698 1986 1758 Inveniuntur
2043 1701 2134 1759 eti
2148 1719 2258 1759 am
2315 1702 2435 1775 qui·

194 1776 369 1847 dami
428 1789 581 1847 inter
636 1804 729 1846 eos
772 1787 1042 1861 episcopi,
1101 1787 1220 1861 qui,
1266 1787 1397 1845 licet
1438 1804 1497 1845 se
1556 1788 1912 1858 fornicarios
1967 1778 2098 1848 velk
2148 1790 2438 1849 adulteros

194 1876 399 1936 dicant
438 1894 553 1935 non
595 1894 731 1946 esse,
776 1880 910 1935 sunt
954 1880 1027 1934 ta
1040 1894 1099 1933 m
1112 1894 1191 1934 en
1236 1876 1445 1935 ebriosi
1487 1876 1576 1935 vel
1619 1881 1915 1936 venatores
1963 1882 2016 1936 et
2063 1884 2330 1953 puynant
2371 1880 2436 1938 in

104 1981 157 2019 15
195 1966 455 2025 exercitu
498 1966 715 2025 armati
758 1969 813 2023 et
855 1964 1217 2038 effundebant
1230 1952 1251 1995 ¹
1284 1965 1543 2039 propria
1580 1983 1758 2024 manu
1785 1966 2118 2041 sanquinem
2145 1967 2437 2027 hominum

196 2056 321 2113 sive
365 2072 731 2130 payanorum
788 2053 955 2112 sivem
1001 2054 1466 2113 christianorum.
1572 2054 1658 2113 Et
1700 2054 1839 2128 quia
1881 2061 2093 2114 servus
2123 2060 2178 2114 et
2221 2056 2436 2131 leyatus

196 2144 545 2219 apostolicae
586 2142 738 2203 sedis
781 2160 897 2201 esse
940 2142 1226 2213 dinoscor,
1285 2160 1459 2201 unum
1503 2143 1583 2201 sit
1623 2144 1858 2202 verbum
1901 2149 1955 2203 et
1997 2162 2180 2203 meum
2232 2144 2326 2204 hic
2381 2150 2437 2204 et

194 2237 449 2291 vestrum
505 2232 617 2302 ibi,
675 2232 772 2291 si11
824 2232 1141 2306 continyat,
1199 2236 1265 2290 ut
1322 2232 1400 2291 ad
1455 2232 1736 2291 iudicium
1795 2233 2160 2293 auctoritatis
2214 2239 2437 2293 vestrae

187 2322 427 2395 pariter
468 2322 672 2381 missos
714 2321 1055 2396 diriyamus.

105 2426 161 2465 20
413 2411 689 2469 Preterea
746 2410 817 2469 de
870 2428 990 2469 una
1045 2428 1111 2468 re
1168 2413 1222 2467 et
1289 2410 1590 2469 consilium
1656 2410 1964 2485 quaerere⁰
2025 2416 2080 2469 et
2145 2411 2436 2471 licentiam

187 2505 387 2574 petere
442 2518 657 2559 necesse
712 2500 915 2569 habeo,
983 2516 1045 2557 eo
1103 2498 1252 2573 quod
1307 2499 1661 2558 venerandae
1726 2500 2032 2559 memoriae
2089 2502 2426 2573 precessorl'

194 2594 402 2659 vester,
447 2589 595 2648 sicut
638 2588 904 2657 audistis,
948 2588 1013 2647 in
1050 2587 1346 2661 presentia
1388 2592 1580 2646 vestra
1623 2588 1768 2645 mihi
1802 2588 2083 2663 precepit,
2113 2593 2179 2647 ut
2211 2590 2434 2663 presbi-

198 2682 385 2737 terum
424 2678 597 2752 postq
634 2678 847 2737 obitum
890 2695 1094 2746 meum,
1140 2675 1266 2735 Deo
1312 2677 1545 2747 volente,
1589 2676 1657 2735 in
1699 2677 2070 2756 ecclesiastico
2113 2678 2434 2737 ministerio

197 2767 457 2826 heredem
500 2771 554 2825 et
596 2784 967 2825 successorem
1012 2765 1347 2824 constituere
1390 2765 1665 2836 deberem,
1725 2770 1781 2824 et
1835 2765 1938 2825 hoc
1995 2765 2160 2837 mihi,
2219 2767 2272 2825 si
2317 2766 2436 2827 Dei

107 2872 160 2911 25
194 2856 464 2915 voluntas
506 2860 609 2926 est,
644 2855 855 2929 placet.
951 2852 1063 2913 Sed
1106 2853 1270 2913 modo
1315 2854 1509 2913 dubito
1554 2858 1610 2913 et
1665 2854 1872 2925 nescio,
1931 2855 1984 2913 si
2042 2854 2174 2927 fieri
2222 2856 2432 2929 possit,

197 2938 367 3019 quia
414 2949 619 3018 postea
663 2946 856 3015 frater
910 2943 1074 3003 illius
1130 2943 1471 3001 avunculum
1484 2943 1510 2974 r
1564 2943 1726 3002 ducis
1781 2942 2149 3003 Francorum
2205 2945 2434 3015 occidit,

196 3039 253 3093 et
310 3034 495 3093 adhuc
549 3034 901 3109 iqnoramus,
965 3032 1214 3107 qualiter
1270 3032 1389 3091 ista
1444 3032 1740 3091 discordia
1785 3031 2100 3107 pacificari
2158 3038 2213 3092 et
2267 3033 2436 3105 finiri

196 3124 405 3181 valeat.
514 3120 652 3181 Sed
709 3122 932 3181 obsecro
949 3168 968 3192 ,
1027 3126 1093 3179 ut
1149 3121 1514 3180 auctoritatis
1570 3125 1793 3180 vestrae
1849 3121 2082 3181 licentia
2137 3123 2248 3193 sit,
2309 3140 2435 3182 cum

196 3212 436 3271 consilio
450 3211 474 3243 ⁸
529 3229 823 3271 servorum
866 3209 983 3269 Dei
1028 3210 1097 3269 de
1138 3210 1256 3269 ista
1299 3210 1561 3269 electione
1616 3211 1717 3281 fac
1731 3228 1850 3269 ere
1864 3256 1883 3279 ,
1945 3211 2095 3285 quod
2151 3212 2314 3271 nobis
2369 3212 2434 3271 in

106 3317 161 3355 so
196 3318 486 3359 commune
524 3319 636 3375 pro
680 3299 807 3358 Deo
823 3291 843 3330 t
901 3304 955 3357 et
987 3317 1105 3373 pro
1150 3298 1411 3376 ecclesiae
1452 3298 1706 3357 utilitate
1747 3300 1836 3357 vel
1880 3300 2079 3369 fructu
2121 3300 2426 3373 spiritali¹¹

194 3394 253 3448 et
325 3390 651 3461 defensione
722 3388 1021 3464 reliqionis
1093 3388 1371 3462 optimum
1434 3405 1552 3446 esse
1616 3387 1902 3459 videatur,
1977 3392 2042 3447 ut
2108 3406 2434 3448 consensum

194 3483 449 3537 vestrum
490 3479 728 3539 habeam
772 3478 840 3535 de
868 3478 970 3537 hoc
1000 3478 1211 3547 facere,
1258 3476 1407 3551 quod
1436 3476 1712 3551 optimum
1756 3494 1872 3535 esse
1885 3465 1913 3507 f
1949 3476 2096 3535 mihi
2135 3477 2434 3552 inspirare

196 3567 465 3642 diqnetur
506 3566 704 3640 Deus;
760 3567 897 3641 quia
941 3565 1044 3624 hoc
1084 3584 1201 3625 non
1242 3565 1471 3624 videtur
1516 3582 1688 3639 posse
1745 3564 1896 3637 fieri,
1957 3566 2052 3624 siV
2105 3566 2433 3625 contrarius

186 3657 465 3731 princeps
508 3657 709 3727 fuerit.

104 3760 161 3799 35
412 3745 727 3805 Preterea
771 3762 1041 3819 quaerere
1084 3748 1138 3803 et
1186 3744 1546 3817 interroqare
1593 3742 1975 3816 paternitatis
2031 3748 2254 3803 vestrae
2307 3762 2430 3803 con-

196 3834 396 3893 silium
438 3835 603 3895 debeo
649 3833 716 3892 de
760 3833 1009 3909 quadam
1062 3832 1413 3903 confusione,
1474 3850 1618 3906 quae
1673 3850 1857 3905 nuper
1915 3832 1992 3891 ad
2047 3849 2151 3891 nos
2205 3833 2432 3892 veniens

196 3928 436 3983 mentem
464 3928 722 3984 nostram
752 3922 1112 3981 conturbavit
1140 3926 1193 3980 et
1228 3920 1616 3980 sacerdotibus
1644 3921 2006 3998 ecclesiarum
2033 3921 2431 3981 verecundiam

194 4012 522 4072 incutiebat.
614 4010 801 4071 Nam
846 4011 1028 4069 laicus
1072 4009 1307 4085 quidam
1350 4028 1590 4084 maynae
1624 4026 1908 4083 personae
1952 4009 2030 4068 ad
2073 4028 2177 4069 nos
2203 4010 2432 4069 veniens

412 4180 515 4220 vn.
574 4180 679 4227 Gap.
711 4180 750 4220 1.
808 4181 845 4221 1.
874 4179 1053 4221 2a.b.c.

103 4270 159 4309 40
197 4268 243 4321 a)
270 4269 498 4319 spurtieiis
527 4272 573 4320 15
604 4268 795 4318 spurcus
814 4278 891 4316 pr.
910 4278 969 4307 m.
1001 4268 1065 4306 2c.
1175 4267 1221 4317 b)
1250 4264 1463 4305 diacones
1491 4267 1551 4305 20.
1664 4264 1706 4316 c)
1724 4276 1838 4306 corr.
1861 4263 2030 4307 eisdem
2049 4266 2114 4307 Σὺ.
2226 4263 2274 4317 d)
2292 4276 2431 4316 pecus

196 4325 237 4373 1,
265 4334 381 4363 corr.
492 4322 535 4373 e)
563 4333 647 4362 om.
677 4324 717 4361 1.
826 4321 862 4373 f)
890 4332 973 4361 om.
1004 4321 1071 4363 Sa.
1086 4320 1125 4363 b.
1138 4331 1175 4359 c.
1286 4319 1329 4370 g)
1358 4318 1490 4362 defin.
1518 4319 1587 4358 2a.
1606 4319 1646 4358 b.
1666 4331 1702 4358 c.
1813 4320 1860 4369 h)
1889 4324 1940 4359 ut
1966 4320 2034 4359 212.
2151 4319 2184 4371 i)
2212 4320 2260 4358 ἐκ
2285 4330 2427 4369 maro.

194 4378 341 4426 suppl.
361 4378 403 4416 1.
511 4376 560 4427 k)
588 4381 635 4415 et
661 4376 727 4417 211.
838 4376 870 4424 1)
900 4372 1137 4413 effitndunt
1152 4373 1221 4412 21».
1330 4372 1391 4425 m)
1422 4383 1502 4411 seu
1520 4372 1585 4416 ab.
1691 4374 1738 4421 n)
1765 4372 1828 4411 uic
1845 4372 1918 4421 2a,
1941 4384 2056 4413 corr.
2165 4373 2209 4425 ο)
2240 4383 2429 4423 :equae-

196 4441 299 4470 rere
328 4432 367 4469 1.
476 4431 525 4478 p)
552 4441 611 4469 m.
642 4430 703 4469 al.
728 4439 843 4467 corr.
874 4424 1166 4478 predecessor
1194 4427 1254 4467 Sc.
1366 4427 1413 4474 q)
1439 4431 1543 4465 ante
1568 4426 1639 4465 za.
1657 4426 1696 4464 b.
1712 4437 1748 4465 e.
1859 4428 1898 4477 r)
1925 4426 2184 4466 &vinculum
2209 4426 2282 4477 2a,
2309 4438 2427 4467 corr.

103 4536 157 4574 45
194 4483 506 4588 ;L,cg⁰1;⁸ri³ium
535 4484 574 4521 1.
711 4482 746 4533 t)
782 4482 879 4521 Deo
908 4485 955 4520 et
980 4491 1061 4530 pro
1092 4492 1176 4519 om.
1208 4481 1275 4519 Sa.
1292 4480 1331 4518 b.
1347 4490 1384 4519 c.
1521 4476 1569 4530 u)
1597 4478 1821 4529 spirituali
1847 4480 1916 4519 2a.
1934 4480 1975 4519 b.
1995 4492 2030 4520 c.
2167 4480 2215 4531 v)
2243 4480 2360 4520 sicut
2371 4479 2428 4533 (ἲ)

305 4626 438 4666 vitae
466 4624 694 4665 Bonifatii.
1936 4624 2000 4677 11
