3167 5192
398 520 589 576 VITA
623 520 943 592 QUARTA
978 520 1381 579 BONIFA'I'II
1417 521 1774 578 AUCTORE
1810 520 2286 579 MOGUNTINO.
2386 527 2456 580 93

228 704 461 788 Caput
491 704 750 769 Montis
798 705 1093 769 dieitur1
1138 709 1496 790 acceperat
1543 709 1615 770 et
1661 706 1904 772 exinde
1936 707 2456 790 quatuordecim

228 814 447 857 annos
472 796 759 859 honeste
785 794 860 857 in
890 814 1016 859 sua
1038 794 1241 858 domo
1273 798 1463 859 erat⁸
1495 798 1565 859 et
1595 795 1887 859 maxime
1912 787 2448 879 hospitalitatisb

226 883 452 965 gratie
498 903 776 967 operam
824 882 1036 948 dabat
1055 884 1097 945 ².
1191 883 1282 946 Et
1325 904 1678 967 nunquam
1725 885 1812 948 ad
1859 884 2332 968 Moguntiam⁰
2382 884 2457 947 in

228 973 645 1035 conventum
693 974 935 1056 postea
977 971 1087 1037 vel
1132 972 1206 1035 in
1254 973 1587 1057 synodum
1633 974 1857 1049 venit;
1906 994 2058 1036 raro
2101 976 2336 1036 tamen
2369 974 2459 1036 ad

160 1082 189 1120 5
227 1059 647 1125 lavationem
695 1061 948 1144 pedum
1001 1060 1077 1124 in
1124 1059 1313 1125 Cena
1359 1060 1640 1125 Domini
1662 1061 1688 1100 3
1732 1061 2062 1125 orationis
2122 1080 2325 1125 causa
2384 1063 2457 1125 in

226 1149 539 1214 ecelesiis
585 1170 657 1213 se
702 1150 1220 1233 representavit.

445 1240 544 1301 At
611 1238 904 1302 domnus
968 1238 1369 1302 Bonifacius
1444 1260 1487 1302 a
1553 1237 1966 1322 supradictis
2034 1238 2458 1323 principibus

226 1327 905 1411 magnificentissime
950 1329 1346 1403 honoratus,
1394 1326 1876 1411 legationeque
1924 1348 2080 1392 cum
2127 1348 2207 1393 eo
2253 1328 2458 1392 missa

228 1416 318 1479 ad
381 1415 711 1479 domnum
777 1436 1025 1500 papam
1088 1414 1497 1500 Gregorium
1515 1414 1561 1493 ⁴,
1622 1416 1698 1478 in
1758 1417 1984 1480 sedem
2047 1416 2456 1499 Moguntine

131 1525 189 1563 ιο
229 1504 519 1569 ecclesie
565 1504 901 1569 electione
951 1504 1115 1570 cleri
1162 1509 1234 1569 et
1288 1504 1529 1589 populi
1589 1506 2008 1569 constitutus
2067 1509 2190 1569 est.
2284 1505 2458 1568 Pon-

228 1594 409 1658 tifex
455 1595 688 1657 autem
736 1613 895 1658 eum
940 1594 1313 1658 honorifice
1374 1597 1767 1677 susceptum
1829 1594 2223 1677 episcopum
2284 1593 2457 1657 ordi·

228 1683 426 1748 navit
444 1681 486 1759 ⁵,
535 1681 763 1745 infula
809 1682 1058 1746 ditavit
1103 1677 1531 1765 nomenque‘¹
1584 1683 1900 1758 mutavit,
1960 1683 2048 1746 ad
2095 1682 2452 1746 Franciam

230 1772 483 1836 direxit
501 1822 515 1848 ‚
592 1774 673 1835 ut
738 1770 1038 1837 veridice
1108 1771 1193 1835 de
1270 1791 1350 1835 eo
1427 1768 1756 1855 scriptum
1836 1790 1957 1854 per
2025 1770 2452 1836 Salomonem

230 1864 587 1944 putamus:
660 1858 912 1924 Iustum
979 1857 1241 1924 deduxit
1304 1858 1626 1924 Dominus
1691 1878 1812 1940 per
1875 1858 2016 1923 vias
2081 1865 2316 1938 rectas,
2387 1862 2458 1925 et
2477 1884 2578 1929 sap.
2595 1884 2661 1929 ιο,
2682 1882 2746 1920 ιο.

133 1968 189 2007 15
226 1950 517 2033 reliqua.
597 1948 774 2012 Exin
819 1968 1061 2033 cepere
1106 1948 1371 2014 nobiles
1417 1949 1547 2013 viri
1594 1949 1660 2013 ei
1705 1969 1862 2012 suos
1907 1949 2084 2013 filios
2127 1968 2458 2013 commen-

230 2038 397 2102 dare
474 2038 603 2102 ad⁰
680 2037 1151 2103 erudiendum.
1277 2035 1463 2116 Quos
1536 2037 1660 2102 ille
1735 2037 2033 2102 libenter
2106 2041 2458 2121 susceptos

230 2128 583 2192 adiutores
629 2126 761 2191 sibi
805 2126 1003 2209 quasi
1047 2125 1407 2209 adoptivos
1466 2125 1644 2190 filios
1706 2126 2036 2191 enutrivit
2094 2146 2458 2209 secumque

230 2216 463 2299 gregis
510 2216 644 2280 Dei
690 2218 929 2279 cautos
975 2214 1145 2279 fecit
1192 2234 1337 2279 esse
1384 2216 1712 2299 pastoreS,
1774 2236 1862 2279 ne
1916 2215 2194 2279 aliunde
2252 2235 2458 2298 quam

230 2325 355 2389 per
423 2304 674 2368 ostium
691 2297 719 2339 f
772 2304 1002 2367 ovium
1061 2303 1407 2368 hereticae
1475 2303 1911 2368 tortitudinis
1931 2305 1956 2341 ⁶
2014 2303 2161 2386 lupi
2231 2304 2459 2370 catho-

134 2415 191 2453 πο
229 2393 485 2457 licam&
533 2393 1061 2476 ingrederentur
1104 2392 1480 2477 ecclesiam.

660 2546 768 2635 (2).
862 2551 981 2617 De
1036 2545 1561 2617 Adelbertoh
1615 2551 2034 2617 heretico.

450 2652 775 2723 Hisdem¹
835 2658 1260 2742 temporibus
1306 2658 1445 2722 fuit
1489 2658 1769 2741 quidam
1817 2659 2418 2742 pseudopropheta
2440 2658 2460 2695 ⁷

233 2749 513 2813 nomine
544 2740 1031 2824 Adelbertusk,
1063 2747 1184 2830 qui
1212 2748 1286 2809 in
1318 2750 1535 2811 semet
1562 2747 1714 2831 ipso
1745 2748 2135 2811 sanctitatis
2165 2748 2460 2830 gratiam

451 2903 504 2945 V.
558 2904 691 2953 Gapp.
722 2904 761 2943 1.
792 2904 829 2945 2.
898 2905 937 2941 1.
967 2902 992 2940 2
1019 2904 1070 2949 (a
1098 2903 1127 2945 l.
1150 2903 1234 2951 16).

142 2978 195 3017 25
233 2975 279 3019 a)
308 2977 546 3022 acceperat
574 2974 666 3020 (sed
692 2974 775 3018 del.
803 2974 849 3022 1)
877 2975 917 3014 1.
948 2973 1012 3016 1¹⁸¹.
1118 2972 1164 3023 b)
1192 2974 1485 3023 hospitalitati
1515 2973 1551 3016 1.
1581 2973 1646 3017 1¹⁸¹.
1672 2974 1714 3012 F
1735 2974 1830 3019 (ubi
1857 2985 1920 3021 gr.
1947 2978 2066 3022 om.).
2175 2976 2214 3022 c)
2237 2974 2399 3022 Mogsffi
2421 2976 2460 3016 1.

234 3025 285 3077 d)
311 3037 564 3074 numenque
593 3028 632 3069 1.
659 3027 723 3069 1⁸¹.
856 3027 901 3077 e)
935 3027 982 3065 in
1008 3024 1070 3065 ad
1094 3025 1223 3069 erud.
1251 3028 1403 3077 incipit
1428 3027 1470 3067 2.
1605 3027 1643 3075 s)
1667 3028 1828 3066 ostium
1853 3037 2070 3075 super-ser.
2096 3028 2146 3077 Ως
2174 3038 2256 3077 per
2282 3026 2462 3078 (ostium

238 3081 344 3131 om.)
373 3080 492 3119 ovile
520 3078 670 3129 (ovilio
699 3080 737 3130 1,
767 3091 907 3125 eorr.,·
931 3080 1036 3120 ovili
1066 3080 1131 3129 1⁸)
1162 3080 1201 3119 1.
1233 3080 1308 3131 1*;
1350 3091 1429 3129 per
1456 3080 1620 3121 ostium
1656 3081 1704 3119 in
1740 3080 1858 3120 ovlle
1894 3081 2042 3120 ovium
2078 3081 2174 3120 Ioh.
2206 3082 2273 3131 10,
2303 3084 2344 3133 1,
2381 3093 2463 3131 ego

236 3134 525 3237 {igmmq'stiqm
552 3134 702 3224 {vium
730 3134 788 3173 ib.
818 3145 857 3173 v.
880 3134 919 3175 7.
1026 3134 1070 3184 g)
1097 3134 1393 3174 chatholieam
1422 3134 1461 3176 1.
1562 3133 1612 3185 h)
1637 3134 1822 3174 Alberto
1850 3134 1888 3175 2.
1985 3134 2018 3185 i)
2046 3132 2228 3174 Eisdem
2247 3136 2272 3173 2
2300 3147 2396 3175 eum
2413 3137 2463 3178 F.

406 3196 455 3225 er
474 3197 528 3225 us
583 3215 595 3228 .

145 3310 199 3349 30
240 3292 294 3361 1)
331 3292 505 3345 Hodie
539 3292 799 3360 Kempten
834 3295 977 3347 meus
1009 3293 1202 3345 ibidem
1237 3296 1402 3353 πίνω
1438 3293 1508 3357 ef.
1546 3294 1692 3347 Anu.
1731 3293 2020 3346 Fuldenses
2056 3300 2191 3350 auct.
2229 3294 2463 3361 Rudolfo

239 3380 292 3415 a.
316 3365 424 3419 858
460 3364 563 3428 (ed.
601 3364 787 3417 Kurze
815 3382 871 3433 p.
896 3367 1026 3424 51).·
1057 3362 1209 3418 Villa
1243 3362 1511 3431 quaedam
1546 3362 1696 3416 haud
1729 3364 1920 3431 procul
1956 3364 2024 3416 ab
2063 3365 2199 3418 urbe
2230 3364 2465 3435 Pinguia

238 3433 345 3487 sita
382 3436 480 3499 est,
505 3432 685 3502 Caput
717 3433 991 3487 Montium
1030 3437 1239 3501 vocata,
1277 3450 1343 3487 eo
1381 3433 1527 3501 quod
1560 3434 1641 3487 ibi
1675 3437 1889 3487 montes
1919 3452 2020 3502 per
2044 3436 2260 3489 alveum
2283 3436 2464 3490 Rheni

236 3503 480 3557 fluminis
515 3504 799 3558 tendentes
846 3504 1065 3557 initium
1114 3504 1369 3573 habeant,
1421 3521 1585 3572 quam
1636 3506 1830 3574 vulgus
1881 3510 2135 3574 corrupte
2171 3505 2464 3575 Oapmunti

239 3575 525 3629 nominare
572 3576 724 3631 solet.
801 3576 887 3640 Cf.
923 3577 989 3630 F.
1029 3576 1191 3643 Faue,
1227 3576 1628 3642 ‘Forschunyen
1663 3592 1770 3627 zm·
1806 3576 2101 3629 Deutschen
2141 3578 2462 3631 Gesehiehte'

150 3664 202 3703 35
240 3646 407 3714 XXI,
446 3649 602 3711 1881,
641 3664 701 3714 p.
739 3648 859 3702 636.
1003 3648 1059 3714 2)
1100 3648 1244 3699 Eum
1278 3650 1339 3699 in
1374 3648 1698 3700 monasterio
1725 3650 2103 3714 paenitentiam
2139 3651 2318 3715 eyisse,
2353 3651 2466 3701 vult

240 3723 434 3770 auctor
480 3734 725 3770 versuum
773 3718 921 3784 apud
969 3717 1296 3771 Brusehium
1344 3719 1437 3784 fol.
1478 3720 1618 3785 106¹,
1669 3721 1763 3785 qui
1804 3720 1914 3784 ipsi
1957 3720 2192 3788 wiseopo
2239 3721 2466 3787 deposito

242 3789 619 3842 attribuuntur
652 3789 934 3855 (Latonius
976 3790 1070 3841 eol.
1103 3791 1211 3844 438
1223 3806 1249 3852 ,·
1293 3789 1551 3842 Serarius
1585 3807 1646 3857 p.
1684 3791 1786 3845 261
1784 3792 1848 3855 ).·

634 3858 853 3912 Patrius
889 3858 1115 3913 affectus
1148 3876 1239 3913 me
1275 3860 1447 3913 movit
1484 3860 1554 3912 ad
1592 3876 1746 3912 arma
1779 3864 2033 3929 cruenta3

739 3928 983 3984 Poenam
1018 3947 1183 3998 quam
1220 3931 1397 3984 merui
1431 3930 1650 3999 dignius
1688 3947 1818 4001 ergo
1855 3931 1970 3987 tuli.

155 4020 209 4057 40
635 3999 705 4053 In
741 4002 979 4055 claustro
1016 4000 1151 4054 latui
1188 4017 1288 4069 pro
1326 4002 1552 4055 crimine
1586 4006 1836 4071 tempore
1871 4003 2044 4071 vitae3

740 4071 820 4126 At
856 4072 988 4126 licet
1021 4071 1112 4126 hic
1147 4073 1364 4142 lateam,
1402 4090 1560 4141 spero
1599 4074 1788 4126 salutis
1823 4090 1998 4142 opem.

246 4144 305 4213 3)
353 4144 400 4198 Ι.
438 4160 479 4197 e.
530 4145 674 4208 feria
708 4146 900 4211 quinta
948 4151 1072 4197 ante
1108 4145 1333 4211 paseha.
1546 4148 1604 4211 4)
1654 4146 1966 4210 Bonifatius
2013 4163 2302 4213 numquam
2341 4152 2466 4212 post

249 4232 299 4269 a.
328 4217 507 4285 73819.
544 4215 773 4267 Romam
804 4214 1073 4282 profectus
1108 4221 1154 4267 et
1182 4217 1391 4267 demum
1421 4231 1462 4270 c.
1491 4233 1541 4270 a.
1568 4218 1690 4271 746.
1727 4218 2144 4284 temporibusque
2166 4217 2468 4268 Zachariae

238 4302 419 4353 papae
452 4287 567 4339 sedi
598 4286 947 4352 Moquntinae
990 4289 1333 4353 praepositus
1366 4292 1454 4340 est.
1636 4288 1690 4353 5)
1735 4288 1886 4351 Quod
1919 4289 2098 4340 multis
2139 4290 2299 4339 annis
2347 4294 2468 4340 ante

157 4372 214 4413 45
246 4364 540 4424 susceptum
574 4358 929 4425 episcopatum
965 4358 1339 4424 Mequminum
1374 4360 1571 4422 factum
1609 4365 1741 4412 erat.
1919 4362 1971 4425 6)
2013 4359 2061 4413 Ι.
2098 4375 2146 4425 q.
2184 4360 2465 4413 iniustitia.

250 4428 503 4494 Ganyme.
648 4427 701 4497 7)
740 4428 1054 4481 ,aldebertus
1087 4433 1135 4481 et
1162 4427 1389 4480 Clemens
1415 4429 1900 4497 pseudoprophetae
1935 4435 2190 4481 vocantur
2225 4432 2283 4481 in
2319 4432 2465 4496 epist.

252 4499 520 4565 Bonifatii
552 4502 618 4554 57
656 4508 733 4567 (p.
771 4501 917 4561 314).
