3167 5192
706 527 850 583 LIV
1590 525 2053 584 PRAEFATIO.

713 708 964 774 tertium
1010 709 1216 774 Roma
1270 729 1514 773 reverso
1562 707 1657 788 (a.
1700 708 1860 789 739)
1908 709 2110 772 sedem
2155 707 2613 790 Moyuntinam
2658 707 2959 791 episcopo

715 797 1072 862 destitutam
1141 799 1414 862 oblatam
1481 818 1611 861 esse
1677 796 1945 861 voluerit
2014 793 2091 876 (c.
2146 803 2177 858 1
2190 794 2279 877 1),
2352 795 2453 860 cui
2522 797 2954 878 compluribus

715 885 910 952 annis
943 892 1102 967 post⁴
1135 884 1218 966 (c.
1269 909 1329 950 a.
1369 884 1528 966 746)
1563 884 1929 966 praefectus
1974 891 2079 964 est,
2113 891 2296 966 atque
2325 885 2708 967 martyrium
2737 885 2953 966 ipsius

713 996 841 1039 non
888 975 1078 1039 multo
1111 981 1260 1056 post
1299 973 1530 1039 obitum
1561 973 1967 1039 Willibrordi
1998 968 2081 1058 (a.
2111 969 2262 1058 739)
2294 975 2621 1038 collocasse
2650 974 2953 1039 videatur

715 1059 787 1146 (c.
833 1070 932 1126 13.
988 1061 1109 1144 14).
1200 1063 1310 1127 Ea
1354 1062 1672 1144 inprimis,
1720 1083 1880 1143 quae
1925 1064 1999 1126 de
2043 1061 2179 1142 ipso
2224 1062 2532 1144 martyrio
2580 1059 2653 1145 (c.
2693 1057 2841 1147 16)1
2892 1069 2954 1127 et
2988 1087 3012 1126 5
3128 1091 3130 1100 ·

715 1153 944 1236 hymno
989 1152 1100 1232 qui
1144 1152 1247 1216 die
1293 1151 1703 1234 depositionis
1749 1151 2091 1216 canebatur
2136 1145 2208 1234 (c.
2265 1147 2365 1234 15)
2412 1151 2667 1232 rettulit,
2721 1172 2950 1216 memo-

714 1247 862 1304 ratu
907 1240 1106 1322 diqna
1149 1247 1313 1304 sunt.
1373 1240 1495 1304 ‚De
1540 1238 1693 1304 aliis
1722 1238 1962 1304 sanctis
1991 1238 2288 1321 Anylicis
2318 1261 2350 1303 e
2378 1239 2566 1304 Beda
2598 1239 2953 1305 instructus

715 1335 884 1410 erat,-
920 1328 1098 1410 cuius
1143 1328 1506 1393 Historiam
1552 1328 1911 1410 Anylorum
1970 1327 2185 1392 citavit
2204 1330 2227 1368 2
2240 1351 2265 1410 ,·
2307 1335 2649 1409 praeterea
2694 1329 2952 1393 Isidori

711 1417 1146 1499 Etymoloyias
1213 1418 1448 1498 leyerat
1468 1419 1508 1480 3.
1637 1417 1793 1482 Cum
1860 1416 2073 1481 Vitam
2142 1415 2525 1498 ‘royantibus
2591 1416 2947 1497 fratribus'

701 1504 950 1586 publice
994 1505 1316 1570 recitasset
1329 1507 1372 1586 4,
1406 1505 1758 1586 quaesitum
1788 1511 1894 1586 est,
1927 1525 2126 1585 quare
2154 1505 2563 1584 Bonifatium
2598 1504 2950 1570 ‘immensis
2986 1533 3036 1570 ιο

714 1601 772 1658 et
811 1594 948 1673 fere
993 1593 1233 1659 divinis
1279 1594 1593 1659 laudibus'
1641 1593 1974 1674 extulisset,
2010 1615 2149 1659 cum
2178 1595 2361 1659 nulla
2396 1594 2699 1676 prodiqia
2727 1595 2947 1676 siqua-
3128 1609 3130 1618 ²

711 1702 829 1763 que
873 1684 952 1747 ab
999 1704 1066 1746 eo
1111 1682 1290 1761 facta
1333 1703 1504 1746 more
1550 1682 1824 1746 aliorum
1869 1689 2230 1747 sanctorum
2276 1685 2351 1747 de
2397 1704 2464 1747 eo
2524 1683 2865 1748 rettulisset
2883 1684 2947 1764 5,·
3125 1665 3130 1908 1

713 1773 897 1851 unde,
947 1771 1134 1835 tertia
1167 1777 1356 1852 parte
1403 1769 1475 1852 (c.
1530 1777 1741 1834 18-2
1749 1769 1809 1853 3)
1856 1770 2097 1852 addita,
2160 1771 2477 1852 disseruit,
2524 1771 2946 1851 Bonifatium

711 1880 948 1941 mayna
1010 1858 1325 1924 miracula
1379 1865 1796 1941 perpetrasse,
1865 1859 2103 1924 morbis
2169 1859 2597 1925 invisibilibus
2664 1861 2946 1942 depulsis

713 1946 1239 2028 interioribusque
1315 1947 1673 2012 hominibus
1754 1947 2024 2013 sanatis.
2158 1949 2332 2030 Quae
2410 1955 2479 2013 ut
2544 1949 2618 2013 in
2686 1956 2946 2014 auctore
2982 1974 3029 2013 15

711 2035 948 2100 saeculi
992 2035 1148 2100 noni
1192 2035 1350 2100 satis
1395 2036 1787 2101 admiranda
1832 2043 1994 2117 sunt,
2042 2036 2137 2102 ita
2182 2037 2349 2102 idem
2386 2037 2701 2103 miracula
2731 2059 2946 2120 corpo-

712 2123 888 2188 ralia
931 2145 1062 2188 non
1115 2125 1367 2189 omnino
1432 2124 1618 2202 flocci
1668 2125 1911 2207 pendit,
1979 2147 2131 2190 nam
2193 2125 2266 2191 in
2327 2127 2480 2191 locis
2538 2133 2596 2191 et
2638 2127 2945 2191 Martino
3126 2059 3130 2190 ¹

713 2210 785 2292 (c.
837 2211 898 2294 3)
947 2219 1005 2277 et
1045 2212 1388 2292 Bonifatio
1434 2210 1506 2296 (c.
1561 2209 1663 2296 17)
1711 2213 1941 2278 dicatis
1987 2221 2267 2296 aeyrotos
2312 2214 2649 2280 sanitatem
2695 2236 2945 2297 recupe-

710 2321 888 2365 rasse
933 2307 990 2364 et
1039 2300 1168 2382 ipsi
1213 2323 1595 2382 persuasum
1642 2309 1794 2383 erat,
1850 2305 2018 2367 unde
2063 2304 2142 2367 ab
2188 2325 2337 2368 aevo
2397 2325 2508 2368 suo
2568 2303 2945 2369 dissensisse

710 2388 968 2454 minime
1015 2391 1357 2455 credendus
1402 2397 1508 2455 est.
1583 2469 1586 2472 Α
2978 2419 3029 2458 20
3127 2295 3130 2494 4

938 2476 1146 2542 Vitam
1189 2479 1523 2558 Bonifatii
1567 2500 1757 2560 quam
1803 2479 1943 2562 dixi
1983 2481 2307 2546 Iohannes
2347 2481 2715 2546 Gerbrandi
2760 2482 2944 2561 filius

710 2567 785 2630 de
815 2567 1079 2648 .Leydis
1148 2563 1208 2648 (†
1260 2565 1468 2648 1504),
1525 2568 1723 2651 prior
1788 2567 2277 2634 Carmelitarum
2331 2571 2795 2651 Harlemensis,
2868 2570 2943 2635 in
3128 2625 3130 2634 .

718 2654 1028 2720 Chronico
1074 2656 1503 2738 episcoporum
1557 2656 2052 2722 Traiectensium
2098 2665 2157 2723 et
2206 2658 2497 2724 comitum
2542 2659 2943 2724 Hollandiae
3127 2635 3130 2806 ι

708 2744 858 2825 ΙΙΙ,
899 2750 998 2807 16.
1041 2750 1138 2806 18.
1194 2751 1292 2808 19.
1343 2745 1677 2826 exscripsit
1694 2746 1734 2826 ⁶,
1783 2745 1989 2810 codice
2032 2768 2185 2811 usus
2229 2747 2427 2810 simili
2459 2755 2561 2811 2a.
2639 2749 2941 2813 Eandem

708 2852 865 2896 saec.
919 2833 992 2896 X
1005 2834 1078 2897 V.
1127 2854 1220 2897 eoe.
1297 2836 1386 2898 ad
1435 2855 1589 2915 opus
1648 2834 2007 2900 Willibaldi
2065 2837 2475 2917 supplendum
2520 2837 2595 2900 in
2653 2836 2941 2902 versione
2975 2863 3025 2902 25
3127 2809 3130 2954 f

708 2919 1310 2986 Frechenhorstensi
1355 2922 1707 2986 adhibitam
1753 2944 1897 3002 esse,
1947 2945 2143 3005 supra
2178 2947 2247 3005 p.
2286 2924 2416 2988 XL
2436 2925 2551 2990 VI.
2600 2926 2837 2991 monui.
3128 2955 3130 2958 ⁴

932 3007 1184 3074 Codices
1229 3009 1566 3089 inferioris
1614 3018 1858 3076 tantum
1904 3011 2131 3077 aetatis
2175 3013 2383 3078 adhuc
2428 3013 2563 3078 noti
2606 3021 2755 3078 sunt
2777 3015 2798 3052 ⁷
2814 3038 2834 3079 .·

926 3092 983 3181 1)
1025 3096 1231 3163 Codecc
1271 3097 1698 3164 Gothanus
1744 3099 2141 3166 bibliothecae
2172 3101 2417 3167 ducalis
2445 3105 2696 3168 membr.
2732 3104 2793 3184 I,
2830 3109 2935 3184 64,

707 3186 1044 3267 saec-XI
1052 3187 1122 3267 V,
1175 3185 1268 3250 ‘ex
1313 3183 1745 3271 bibl(iotheca)
1795 3189 2284 3271 Kulenhampii’
2332 3213 2393 3254 a.
2448 3197 2637 3256 1796.
2684 3192 2759 3256 in
2816 3192 2938 3257 Go-

707 3273 971 3338 thanam
1019 3275 1370 3340 translatus
1387 3277 1429 3356 8,
1476 3275 1586 3354 fol.
1628 3278 1929 3341 27—31‘.
2973 3307 3021 3346 ao

707 3401 736 3416 --
823 3365 832 3373 '
868 3367 878 3374 ”
909 3361 1026 3444 -2a)
1068 3361 1276 3428 Codex
1297 3363 1373 3438 „C
1386 3365 1888 3440 oloniensis
1934 3366 2184 3431 archivi
2218 3368 2455 3432 urbani
2500 3391 2564 3434 n.
2606 3375 2747 3449 164,
2786 3369 2937 3433 olim

719 3449 1191 3532 Wallrafianus
1229 3453 1360 3532 VI,
1381 3460 1484 3534 21,
1534 3456 1623 3518 ad
1658 3453 1859 3518 usum
1893 3458 2290 3520 monasterii
2324 3458 2640 3542 Corporis
2675 3459 2935 3523 Christi

707 3539 1207 3606 Canonicorum
1239 3543 1687 3626 Regularium
1716 3545 1804 3610 ‚in
1842 3545 2129 3609 Colonia
2175 3566 2296 3629 per
2342 3569 2583 3611 manus
2619 3549 2932 3631 Symonis

707 3628 988 3694 Colonie
1046 3631 1296 3695 fratris
1347 3633 1587 3696 domus
1636 3634 1941 3698 eiusdem
1990 3631 2051 3714 (†
2088 3630 2279 3717 1465)
2342 3657 2402 3699 a.
2456 3641 2644 3699 1463.
2706 3635 2934 3716 finitus

707 3783 759 3850 1)
817 3785 907 3834 Ad
961 3801 1000 3839 c.
1056 3787 1122 3840 16
1179 3795 1254 3852 (p.
1296 3789 1394 3852 73,
1437 3790 1505 3841 22
1531 3795 1536 3798 “
1567 3789 1630 3840 de
1684 3789 1851 3839 codice
1904 3791 2319 3855 evanyeliorum)
2368 3791 2613 3858 'picturae
2672 3794 2933 3858 martyrii
2966 3803 3017 3842 36

668 3915 670 3917 ‚
703 3855 1020 3918 referendae
1055 3857 1300 3908 videntur
1334 3874 1456 3922 esse,
1507 3875 1644 3925 quas
1686 3876 1711 3910 e
1746 3860 2005 3911 codicibus
2040 3861 2271 3912 Lucensi
2304 3867 2351 3914 et
2388 3863 2629 3914 Utinensi
2661 3866 2819 3929 (saec.
2857 3865 2929 3918 X.
3128 3865 3130 3878 ²

701 3932 748 3976 et
785 3926 898 3987 XI)
948 3929 1087 3978 eruit
1133 3929 1202 3979 A.
1240 3929 1436 3994 Ebner,
1475 3930 1707 3992 ‘Quellen
1758 3932 1870 3981 und
1918 3929 2298 3998 Forschunyen
2345 3949 2450 3984 zur
2495 3933 2793 3986 Geschichte
2840 3936 2929 3985 des

700 3997 924 4048 Missale
973 3997 1312 4064 Romanum’,
1364 4002 1520 4067 1896,
1562 4019 1623 4068 p.
1664 4003 1746 4056 69.
1799 4003 1919 4056 264.
2136 4005 2191 4070 2)
2247 4005 2305 4057 V.
2355 4005 2431 4058 II.
2482 4005 2753 4070 Bonifatii
2798 4020 2839 4059 o.
2878 4008 2926 4060 6.

700 4065 896 4136 3)-Cf.
932 4084 1066 4134 quae
1105 4071 1178 4120 ad
1225 4087 1264 4123 c.
1307 4073 1352 4124 1.
1408 4073 1698 4135 adnotavi,·
1747 4072 1828 4135 cf.
1869 4089 1909 4127 e.
1949 4075 1999 4128 2.
2036 4076 2087 4128 4.
2128 4077 2210 4128 19.
2250 4076 2335 4130 21.
2504 4075 2558 4145 4)
2608 4077 2690 4130 Ib.
2743 4092 2785 4127 c.
2826 4078 2929 4137 18,-

699 4141 764 4203 cf.
828 4155 868 4197 c.
919 4143 1026 4194 ὃς,
1063 4143 1126 4192 ut
1184 4157 1295 4192 non
1354 4140 1578 4194 vilescat>
1619 4142 2114 4196 audientibus
2173 4147 2326 4198 tantae
2385 4146 2612 4198 materie
2674 4145 2925 4216 dignitas.
2960 4160 3013 4197 40
3127 4151 3130 4204 i

699 4209 755 4278 5)
791 4210 871 4262 Ib.
909 4227 950 4264 c.
992 4212 1073 4266 18.
1231 4211 1286 4280 6)
1325 4213 1428 4271 Ed,
1468 4213 1766 4274 Sweertius‚
1803 4214 2007 4266 Rerum
2044 4217 2388 4282 Belyicarum
2424 4219 2645 4269 annaks
2680 4219 2729 4284 I,
2771 4220 2925 4283 1620,

689 4297 750 4345 p.
795 4284 864 4336 50
890 4298 968 4348 sq.
1052 4283 1438 4335 Henschenius.
1465 4285 1498 4342 l.
1537 4285 1572 4338 l.
1615 4301 1675 4350 p.
1712 4287 1836 4340 453.
1888 4290 2106 4353 erravit,
2157 4293 2409 4354 statuens,
2463 4292 2675 4340 tertium
2729 4289 2925 4340 librum

697 4351 960 4404 Iohannis
1008 4359 1173 4406 totum
1211 4403 1214 4406 ,
1222 4356 1334 4418 fere
1381 4371 1407 4407 e
1455 4356 1580 4406 Vita
1625 4355 1705 4410 II.
1753 4357 2024 4420 Bonifatii
2060 4359 2306 4426 pendere,
2358 4374 2475 4410 cum
2526 4367 2713 4414 auctor
2760 4361 2925 4412 multo

689 4422 862 4487 plura
898 4441 924 4474 e
959 4425 1082 4476 Vita
1117 4427 1276 4477 tertia
1311 4425 1554 4478 hauserit
1590 4438 1659 4491 (v.
1699 4429 1854 4492 infra
1883 4445 1941 4494 p.
1968 4429 2017 4479 L
2030 4429 2180 4489 VII).
2342 4428 2394 4499 7)
2437 4430 2517 4496 Cf.
2555 4431 2618 4482 N
2614 4431 2921 4496 u‘rnberqer,

701 4491 1071 4547 Commentatio
1112 4513 1171 4562 p.
1213 4499 1277 4550 17
1297 4513 1404 4564 sqq.
1551 4499 1607 4565 8)
1656 4499 1735 4549 De
1772 4500 1939 4550 codice
1971 4500 2041 4563 cf.
2080 4501 2177 4554 Fr.
2216 4501 2413 4553 Jacobs
2448 4508 2496 4552 et
2530 4502 2594 4556 F.
2632 4503 2699 4556 Α.
2742 4501 2921 4566 Ulcert,
2957 4513 3009 4552 ιδ

699 4563 964 4631 ‘Be-itrdye
999 4582 1105 4617 zur
1139 4569 1315 4620 altem
1350 4569 1679 4620 Litteratur’
1717 4569 1829 4634 III,
1875 4571 2030 4636 1843,
2074 4589 2133 4638 p.
2170 4574 2274 4626 261
2301 4589 2411 4639 sqq.
