3167 5192
702 505 813 560 204
920 501 1161 558 VITAE
1197 500 1602 556 BONIFATII
1638 500 1999 557 AUCTORE
2038 500 2344 557 OTLOHO
2381 499 2618 555 LIBER
2643 498 2724 554 Π.

368 710 538 757 carue.
551 710 683 763 10‚42.
703 686 1106 769 prevaleret
1156 685 1368 769 elegit
1413 686 1748 769 optimam
1796 690 2084 769 partem,
2135 706 2308 768 quae
2355 705 2496 749 non
2533 683 2930 747 auferetur⁸

363 1688 422 1734 cr.
436 1687 545 1726 Luc.
559 1687 598 1736 1,
610 1687 677 1726 52.

702 775 790 839 ab
839 795 918 839 eo
940 773 982 836 ¹.
1076 774 1253 838 Nam
1302 774 1585 857 reliquit
1635 774 1867 858 ampla
1910 779 2226 840 terrenae
2273 772 2640 858 potestatis
2699 791 2934 852 regna

703 867 775 928 et
856 863 945 926 ad
1037 862 1397 928 Cassinum
1488 869 1814 939 montem,
1907 865 1982 926 in
2072 857 2247 947 quab
2332 865 2501 926 tunc
2593 861 2940 924 artissima

702 953 1161 1016 monasticae⁰
1229 947 1458 1016 vit-aed
1524 952 1894 1036 disciplina
1960 953 2367 1028 habebatur,
2414 951 2732 1026 venienS,
2803 970 2940 1013 mo·

700 1042 961 1107 nachus
1008 1041 1108 1106 ibi
1155 1041 1459 1106 efficitur
1478 1042 1519 1117 ²,
1695 1065 1702 1072 ·
2989 1060 3016 1098 5

959 1129 1293 1214 Pippino⁶
1348 1123 1597 1194 fratrif
1739 1131 2177 1195 committens
2223 1131 2459 1192 munia
2504 1129 2721 1210 regni.

701 1219 838 1284 Hic
906 1221 1176 1302 itaque,
1257 1222 1541 1303 accepta
1612 1223 1940 1302 paternae
2009 1223 2080 1284 et
2148 1220 2498 1283 fraternae
2573 1215 2940 1300 potestatis

702 1309 1121 1384 monarchia,
1183 1329 1359 1391 quae
1406 1313 1573 1372 tunc
1635 1309 1852 1371 maior
1898 1309 2142 1372 domus
2201 1307 2580 1384 dicebatur,
2647 1306 2941 1370 eandem

702 1398 1137 1462 devotionem
1202 1397 1626 1480 eandemque
1695 1396 2232 1461 sollicitudinem
2304 1417 2508 1478 quam
2580 1398 2650 1460 et
2717 1395 2942 1458 frater

701 1487 846 1550 eius
894 1486 1196 1550 excoluit
1240 1489 1383 1548 tam
1439 1486 1513 1549 in
1562 1485 1812 1550 divinis
1867 1507 2072 1569 quam
2133 1485 2556 1550 secularibus
2617 1483 2939 1566 negotiis,
2985 1503 3032 1540 ιο

700 1578 978 1640 secutus
1032 1595 1153 1659 per
1210 1576 1442 1638 omnia
1502 1575 1726 1638 sancti
1773 1575 2112 1638 Bonifatii
2173 1574 2530 1639 consiliag.
2635 1571 2792 1650 Qua
2853 1573 2942 1636 de

698 1685 773 1730 re
834 1664 1149 1747 contigit,
1212 1667 1311 1738 ut,
1377 1685 1533 1728 cum
1595 1684 1666 1728 se
1715 1663 1883 1738 De0,
1947 1664 2066 1746 qui
2126 1664 2412 1748 deponit
2470 1664 2790 1746 potentes
2853 1661 2943 1724 de

700 1754 860 1818 sede
922 1757 993 1818 et
1055 1753 1320 1816 exaltat
1380 1752 1710 1830 humileS,
1773 1753 2205 1818 summittere
2273 1752 2532 1836 iugiter
2599 1751 2940 1825 studeret,

698 1842 951 1927 regalis
1027 1842 1381 1925 potentiae
1450 1841 1930 1905 excellentiam
2000 1842 2367 1907 obtineret.
2481 1841 2708 1904 Tanta
2774 1859 2942 1903 vero

700 1931 1041 2013 dignitate
1074 1931 1505 2006 sublimatus,
1557 1931 1796 1994 eodem
1830 1927 2033 1995 modo
2065 1951 2223 2033 quo·
2234 1923 2346 1994 etll
2377 1932 2585 1993 antea
2615 1931 2944 1992 sanctum
2983 1946 3032 1984 ιε

700 2020 1129 2083 Bonifatium
1181 2019 1469 2103 diligere
1517 2019 1724 2082 simul
1784 2023 1856 2084 et
1920 2020 2230 2084 venerari
2289 2018 2636 2083 studebat.
2731 2017 2944 2082 Unde

700 2109 909 2172 etiam
987 2108 1426 2172 traditionem
1500 2108 1879 2172 fraternam
1957 2108 2098 2172 suis
2173 2108 2394 2172 literis
2471 2108 2535 2172 ei
2610 2107 2944 2170 roborare

700 2197 986 2260 curavit.
1065 2196 1371 2275 Quarum
1419 2197 1779 2260 literarum
1825 2197 2175 2280 exemplar
2221 2197 2332 2260 hic
2375 2197 2674 2260 inserere
2709 2196 2941 2278 cupi0,

700 2288 781 2348 ut
828 2286 1065 2350 fideles
1111 2286 1363 2369 quique
1409 2287 1571 2349 inde
1619 2286 2073 2364 instruantur,
2138 2291 2448 2369 raptores
2491 2305 2652 2349 vero
2713 2284 2946 2366 iniqui

699 2375 982 2440 videant
1028 2379 1099 2438 et
1147 2375 1665 2438 confundantur
1683 2375 1739 2438 3:
2983 2391 3034 2428 20
3132 2363 3135 2430 ἑ

698 2534 849 2611 (19).
943 2539 1253 2598 ΡΙΡΡΙΝ
1256 2527 1383 2598 USi
1445 2538 1635 2598 REX
1687 2536 2233 2598 FRANOORUM
2279 2538 2423 2598 VIR
2468 2536 2949 2597 INLUSTRIS

698 2628 884 2687 BON
879 2628 1179 2688 IFATIO
1253 2627 1943 2688 ARCHIEPISGOPO
2011 2628 2131 2685 ET
2194 2627 2538 2686 LEGATO
2611 2626 2940 2686 GERMA-

985 2716 1190 2776 NICO
1236 2718 1351 2776 AB
1394 2716 1925 2776 APOSTOLIC'A
1970 2715 2200 2776 SEDE
2237 2715 2642 2776 DIRE'CTO.

918 2842 1071 2918 Quia
1113 2842 1437 2900 veneranda
1471 2842 1802 2915 paternitas
1847 2847 1946 2900 tua
1989 2847 2246 2900 nostram
2299 2842 2690 2900 excellentiam
2739 2845 2940 2914 postu-

700 2931 845 2989 lavit
876 2949 993 3004 pro
1038 2931 1398 2999 monasteria
1447 2930 1596 3004 quod
1641 2950 1680 2988 a
1726 2936 1776 2988 te
1819 2931 2040 2989 noviter
2085 2919 2505 2988 constructumk
2557 2934 2643 2988 est
2695 2931 2760 2988 in
2805 2929 2938 2988 soli·
2978 2943 3028 2983 25

700 3020 891 3077 tudine
935 3008 1264 3077 Bochouia1
1322 3020 1493 3078 iuoeta
1535 3020 1781 3089 fluvium
1825 3020 2024 3078 Fulda
2037 3020 2123 3077 em
2182 3019 2245 3076 in
2305 3020 2440 3088 loco,
2511 3037 2676 3092 quem
2746 3020 2941 3077 beatae

697 3108 1002 3166 memoriae
1060 3108 1497 3167 Karlomannus
1556 3127 1862 3181 qermauus
1917 3113 2106 3167 noster
2167 3107 2419 3181 leyitima
2475 3107 2776 3166 donatione
2839 3107 2942 3165 tibi
3057 3106 3062 3110 ’

700 3197 982 3264 concessit,
1030 3201 1111 3265 ut,
1160 3197 1308 3255 sicut
1335 3215 1409 3254 ex
1439 3198 1775 3255 auctoritate
1805 3198 1987 3256 sancti
2017 3197 2184 3255 Petri
2202 3197 2496 3270 principis
2525 3198 2939 3270 apostolorum,

692 3304 809 3358 pro
854 3304 962 3359 quo
1008 3284 1281 3358 leyatioue
1328 3287 1608 3358 fuuyeris’,
1646 3287 1959 3360 privileqio
2003 3287 2155 3346 sedis
2199 3287 2541 3358 apostolieae
2582 3285 2898 3343 sublimatu
2911 3303 2940 3342 s

700 3375 857 3433 essem1
912 3379 1143 3442 constat,
1212 3375 1300 3432 ita
1356 3375 1529 3432 etiam
1579 3380 1808 3433 nostrae
1868 3375 2229 3434 auctoritatis
2277 3379 2546 3448 precepto
2613 3375 2936 3443 roboretur,
2973 3388 3019 3428 ³0

915 3560 1016 3603 VII.
1070 3562 1176 3610 Gap.
1198 3563 1262 3605 18.
1290 3562 1355 3604 19.
1410 3562 1450 3602 1.
1483 3563 1550 3600 20.
1572 3561 1614 3602 b.
1634 3572 1670 3601 c.

700 3648 744 3700 a)
787 3650 1042 3688 auferretur
1069 3649 1136 3688 25.
1246 3649 1291 3701 b)
1333 3651 1397 3688 ita
1436 3650 1557 3692 codd.
1666 3651 1707 3697 c)
1745 3650 1992 3688 monastica
2027 3650 2093 3698 2⁶,
2130 3661 2245 3689 corr.
2357 3647 2408 3700 d)
2445 3649 2700 3698 disciplin(e
2742 3649 2790 3686 in
2834 3651 2939 3696 ras.)

700 3703 824 3741 vitae
854 3703 954 3752 (sic)
984 3704 1022 3741 1.
1106 3705 1147 3752 e)
1177 3703 1337 3752 Pipino
1366 3704 1433 3745 21».
1515 3703 1551 3754 1)
1579 3713 1659 3742 suo
1689 3703 1788 3745 aad.
1817 3703 1878 3742 20.
1977 3704 2019 3751 g)
2049 3714 2132 3742 om.
2163 3704 2229 3745 212.
2327 3703 2374 3754 h)
2404 3714 2487 3742 om.
2520 3703 2585 3742 20.
2683 3702 2718 3753 i)
2749 3702 2940 3751 pipinus

701 3755 777 3805 (1).
796 3756 861 3794 2b.
880 3756 918 3798 3.
998 3755 1046 3804 k)
1076 3755 1203 3795 instr.
1226 3759 1265 3796 1.
1348 3756 1380 3806 1)
1410 3757 1641 3796 Buchonia
1669 3756 1805 3797 2e,e*.
1901 3756 1962 3808 m)
1990 3758 2054 3794 ita
2071 3757 2199 3806 2α,3;
2228 3756 2368 3795 Fulde
2390 3757 2428 3795 1.
2452 3756 2516 3796 Σὺ.
2537 3767 2574 3794 c.
2659 3755 2708 3806 n)
2737 3765 2850 3797 eras.
2871 3757 2937 3794 Σὺ.

703 3915 757 3984 1)
807 3915 1052 3966 Eandem
1101 3917 1413 3966 seutentiam
1462 3915 1525 3966 de
1562 3915 1892 3968 Carlmanno
1939 3916 2189 3968 adhibuit
2224 3915 2554 3974 HucbalduS,
2608 3915 2669 3966 V.
2707 3915 2944 3966 Lebuim'
2973 3920 3015 3962 35

700 4001 741 4040 ο.
768 3988 803 4042 8
838 3986 1049 4052 (Miqne
1086 3986 1373 4051 CXXXII,
1398 3988 1543 4048 885).
1725 3989 1781 4053 2)
1835 3988 1919 4050 Cf.
1957 3989 2100 4041 Anu.
2151 3989 2310 4053 requi
2345 3984 2540 4044 Franc
2583 4002 2632 4040 a.
2674 3988 2781 4040 746
2832 3987 2938 4053 (ed.

699 4057 891 4108 Kurze
920 4075 976 4124 p
1005 4058 1095 4123 6).·
1131 4055 1214 4109 ad
1250 4060 1498 4108 sanctum
1534 4055 1896 4109 Benedictum
1944 4057 2002 4110 in
2039 4057 2372 4110 Casinum
2408 4073 2580 4124 usque
2615 4056 2940 4124 pervenit

701 4131 755 4180 et
793 4127 895 4180 ib
879 4146 898 4179 1
943 4145 1000 4178 m
1016 4144 1047 4179 o
1064 4145 1101 4179 n
1117 4145 1148 4178 a
1164 4127 1245 4180 ch
1261 4145 1335 4179 us
1374 4126 1446 4180 ef
1456 4127 1483 4179 f
1492 4132 1644 4180 ectus
1683 4131 1780 4182 est.
1924 4131 1979 4196 3)
2022 4130 2275 4196 Sequitur
2300 4130 2650 4195 privileyium
2687 4131 2939 4194 spurium

698 4199 927 4268 Pippini
972 4199 1127 4266 (753
1164 4201 1313 4256 Iun.)
1361 4199 1625 4251 Fuldense
1662 4199 2036 4266 (Muhlbaoher
2073 4200 2155 4266 1²,
2208 4217 2262 4254 u.
2291 4201 2399 4268 72),
2454 4199 2942 4266 subsmptionibus

700 4275 749 4320 et
792 4273 934 4322 notis
977 4273 1228 4338 temporie
1275 4271 1473 4337 locique
1516 4272 1858 4335 destitutum5
1907 4273 2048 4337 quod
2091 4277 2214 4340 post
2263 4271 2456 4324 multos
2505 4273 2807 4322 acutissime
2841 4287 2938 4322 ex-
2970 4277 3016 4314 4⁰

700 4344 953 4392 ominans
1000 4341 1077 4396 M.
1126 4342 1317 4407 Tanyl,
1358 4343 1474 4393 ‘Die
1523 4342 1767 4394 Fuldaeo·
1800 4341 2300 4408 Privileqienfraqe'
2339 4342 2800 4408 (‘Mittheilunyen
2848 4341 2940 4392 des

700 4411 950 4464 Instituta
986 4415 1085 4478 fur
1125 4412 1460 4467 Oeeteweioh.
1503 4411 2118 4480 Geechichtsforschunq’
2150 4413 2280 4480 XX,
2307 4415 2465 4479 1899,
2495 4429 2558 4479 p.
2587 4415 2690 4469 193
2707 4443 2776 4450 —
2791 4414 2935 4476 252),

698 4499 740 4536 c.
782 4500 831 4537 a.
857 4485 978 4538 800.
1017 4485 1301 4548 confectum
1336 4499 1444 4536 esse
1478 4483 1870 4540 demonstravit.
