3167 5192
389 492 633 549 VITAE:
668 492 1077 549 BONIFATH
1111 494 1471 550 AUCTORE
1508 494 1816 550 OTLOHO
1851 494 2088 550 LIBER
2111 493 2158 551 Ι.
2293 497 2394 551 131

127 681 373 746 potum
438 678 529 735 vel
584 677 638 735 si
696 677 833 750 quid
898 677 1113 751 eguerit
1169 677 1491 750 largientes,
1558 680 1624 733 ut
1687 694 1799 733 uno
1867 676 2060 735 labore
2124 680 2178 735 et
2242 676 2396 734 socia
2415 693 2553 743 Epist.
2570 693 2636 731 ιτ.

136 764 467 823 voluntate
509 782 649 837 opus
692 765 803 823 sibi
848 764 1123 823 creditum
1157 764 1399 837 pietatis
1442 768 1497 821 et
1537 764 1825 838 neqocium
1867 764 2092 833 salutis,
2123 768 2398 822 annuente

138 850 299 910 Deo
316 898 339 922 ,
398 852 744 926 perficiatur
810 858 977 927 atque
1030 853 1348 925 premium
1412 852 1630 910 laboris
1688 851 1982 924 percipere
2046 851 2394 926 mereamini,

140 940 352 1013 deque
410 940 803 999 conversionea
856 941 1175 999 errantium
1229 957 1438 999 merces
1479 940 1639 998 vobis
1689 939 2043 997 asscribatur
2083 939 2146 997 in
2207 940 2393 999 caelis.

58 1046 93 1083 5
144 1026 239 1086 Si
290 1029 424 1102 quis
466 1028 657 1102 itaque
699 1029 830 1088 huic
872 1017 1029 1087 Deib
1084 1028 1305 1099 famulo
1358 1028 1435 1087 ad
1476 1027 1968 1086 inluminationem
2022 1027 2270 1101 qentium
2325 1027 2397 1085 ab

142 1116 284 1175 hac
329 1117 643 1190 apostolica
686 1122 851 1191 atque
894 1116 1171 1177 catholica
1214 1115 1333 1174 Dei
1373 1116 1606 1199 ecclesia
1649 1115 1927 1174 destinato
1973 1132 2260 1173 assensum
2309 1115 2397 1173 vel

144 1222 512 1263 concursum
558 1205 872 1279 prebuerit,
931 1203 1337 1263 exorantibus⁰
1400 1203 1784 1277 apostolorum
1830 1203 2217 1275 principibus,
2276 1220 2397 1261 con-

142 1293 379 1351 sortiu
392 1312 450 1350 m
505 1298 789 1351 mereatur
844 1297 1169 1351 sanctorum
1224 1298 1547 1391 martyrum
1610 1288 1827 1350 Christi
1884 1289 2033 1349 Iesu.
2147 1288 2216 1349 Si
2273 1290 2400 1365 quis

145 1399 334 1450 vero,
382 1381 528 1454 quod
579 1399 693 1439 non
750 1385 1029 1454 optamus,
1088 1380 1414 1439 adversar
1390 1400 1415 1438 i
1472 1380 1593 1437 eius
1649 1368 1878 1437 labori‘l
1929 1384 2160 1439 conatus
2218 1378 2402 1449 fuerit

36 1486 102 1524 10
149 1474 282 1527 aut
344 1468 667 1527 contrarius
725 1468 983 1527 extiterit
1036 1467 1355 1528 ministerio
1420 1468 1533 1525 sibi
1593 1467 1804 1526 credito
1871 1464 2389 1541 successorumque⁰

152 1558 301 1615 eius
358 1557 384 1614 i
396 1575 438 1613 n
493 1556 723 1615 eundem
781 1556 1029 1614 laborem
1084 1556 1449 1625 intrantium,
1517 1573 1592 1613 ecc
1655 1554 1932 1613 sententia
1997 1554 2199 1613 divina
2263 1572 2398 1613 ana-

155 1644 447 1703 thematis
489 1644 711 1702 vinculo
758 1644 817 1701 li
830 1662 866 1719 9
879 1663 917 1702 a
931 1648 1005 1702 tu
1018 1661 1079 1713 s,
1116 1648 1431 1762 perpetuae
1470 1643 1828 1701 damnationi
1865 1642 2166 1701 subiaceat.
2237 1640 2400 1701 Data

156 1733 324 1791 Kal.
360 1730 643 1801 Decemb„
686 1732 1003 1805 imperante
1048 1720 1293 1791 domnof
1334 1731 1604 1804 piissimo
1649 1735 1884 1804 auqusto
1928 1729 2116 1788 Leone
2160 1730 2240 1788 ag
2275 1728 2400 1788 Deo

158 1824 450 1879 coronato
490 1820 725 1893 imperii
774 1820 897 1878 eius
952 1838 1101 1878 anno
1157 1820 1410 1893 septimo,
1471 1819 1569 1878 sed
1627 1824 1680 1876 et
1729 1816 2101 1877 Constantini
2156 1818 2400 1891 impera-

46 1926 111 1965 15
160 1908 387 1978 toris,
432 1908 554 1967 eius
595 1907 753 1979 filii,
801 1926 949 1966 anno
995 1912 1218 1981 quart0,
1262 1908 1571 1966 indictione
1608 1905 1710 1965 VI.

162 2096 333 2173 (18).
432 2096 969 2161 GRE'GORIUSl
1012 2098 1495 2170 EPISGOPUS,
1555 2098 1884 2159 SERVUS
1938 2098 2642 2166 SERVORUMEpmas.

164 2188 373 2259 DEI,
415 2188 721 2259 GLE'RO,
798 2188 1118 2249 ORDINI
1128 2177 1160 2220 ¹¹
1221 2188 1341 2246 ET
1398 2187 1696 2256 PLEBI,
1764 2186 2406 2247 DILE'GTISSIMIS

652 2276 929 2336 FILIIS
969 2275 1074 2335 IN
1111 2275 1459 2335 DOMINO
1506 2274 1922 2334 SALUTEM.

396 2400 799 2461 Probabilibus
828 2400 1127 2459 desideriis
1154 2399 1304 2458 nihil
1333 2399 1632 2458 tarditatis
1649 2417 1698 2473 p
1711 2416 1831 2457 res
1847 2402 2122 2469 tanteS,
2156 2400 2404 2469 fratrem

66 2508 131 2545 20
172 2490 304 2549 iam
317 2477 339 2519 ¹
378 2494 430 2548 et
466 2490 847 2562 coepiscopum
875 2493 1132 2547 nostrum
1160 2487 1532 2559 Bonifatium
1564 2476 1766 2545 vobisk
1800 2486 2194 2547 ordinavimus
2222 2504 2402 2545 sacer-

174 2578 387 2637 dotem.
485 2575 591 2635 Gui
634 2576 890 2635 dedimus
932 2576 997 2634 in
1039 2576 1348 2645 mandatis,
1394 2594 1461 2634 ne
1511 2592 1782 2649 umquam
1839 2574 2224 2633 ordinationes
2277 2592 2403 2647 pre-

176 2670 377 2723 sumat
416 2665 691 2734 inlicitaS,
750 2683 817 2723 ne
862 2664 1147 2737 biqamum
1206 2668 1308 2722 aut
1362 2664 1461 2737 qui
1516 2663 1797 2737 virginem
1851 2680 1964 2720 non
2023 2667 2105 2720 est
2169 2662 2405 2721 sortitus

176 2770 425 2811 umorem
466 2771 639 2827 neque
680 2752 1039 2811 inliteratum
1080 2752 1167 2810 vel
1209 2752 1275 2809 in
1319 2751 1566 2825 qualibet
1610 2750 1869 2823 corporis
1901 2754 2076 2827 parte
2130 2752 2402 2811 viciatum

178 2846 289 2899 aut
347 2858 420 2899 ex
475 2841 761 2914 penitente
816 2840 905 2898 vel
972 2840 1166 2899 curiae
1230 2827 1365 2897 aut¹
1433 2839 1662 2897 cuilibet
1728 2838 2037 2896 conditioni
2103 2838 2406 2897 obnoxium

78 2946 139 2985 25
182 2933 549 3001 notatumque
599 2928 676 2993 ad
731 2945 926 2987 sacros
982 2928 1209 2988 ordines
1252 2927 1559 3001 permittat
1615 2927 1907 2999 accedere;
1963 2926 2116 2984 sedm
2159 2926 2212 2984 si
2270 2943 2407 2999 quos

182 3016 510 3075 huiusmodi
568 3016 760 3087 forten
811 3016 1109 3090 repererit,
1160 3034 1273 3075 non
1317 3015 1525 3074 audeat
1571 3032 1909 3088 promovere
1926 3010 1970 3084 ²,
2030 3015 2168 3089 quia
2224 3014 2407 3088 aliqui

182 3122 382 3163 eorum
410 3103 721 3173 Manichei,
767 3104 951 3177 aliqui
985 3104 1329 3178 rebaptizati
1355 3104 1546 3177 sepius
1572 3107 1705 3161 sunt
1738 3103 1992 3176 probati.
2071 3102 2407 3161 Ministeria

186 3197 359 3265 atque
416 3196 681 3250 ornatum
738 3192 1027 3271 ccclesiae,
1088 3180 1207 3250 vell
1267 3191 1533 3266 quicquid
1589 3190 1738 3248 illud
1794 3195 1876 3249 est
1929 3191 1995 3248 in
2050 3190 2405 3264 patrimonio

188 3280 436 3338 eiusdem
451 3326 469 3349 ,
534 3297 645 3339 non
719 3280 971 3337 minuere
1035 3279 1292 3348 studeat,
1359 3279 1457 3338 sed
1530 3297 1752 3352 auqere.
1864 3276 1958 3336 De
2020 3278 2210 3336 reditu
2274 3294 2406 3335 vero

87 3384 147 3423 so
185 3368 451 3443 ecclesiae
492 3368 581 3426 vel
624 3368 901 3426 oblatione
952 3365 1205 3438 fidelium
1262 3372 1505 3441 quatuor
1549 3366 1738 3437 faciat
1782 3366 2107 3439 portiones:
2166 3382 2408 3438 quarum

187 3474 367 3514 unam
410 3456 521 3513 sibi
563 3454 687 3529 ipse
729 3455 991 3524 retineat,
1037 3456 1281 3513 alteram
1326 3454 1546 3514 clericis
1579 3472 1698 3527 pro
1744 3452 2070 3524 officiorum
2112 3452 2408 3510 sedulitate

186 3544 521 3613 distribuat,
569 3543 802 3601 terciam
835 3542 1191 3617 pauperibus
1233 3548 1287 3601 et
1320 3542 1666 3616 pereqrinis,
1712 3545 1978 3614 quartam
2020 3538 2409 3619 ecclesiasticis

189 3631 477 3702 fabricis⁰
532 3631 753 3690 noverit
808 3630 1229 3699 reservandam,
1276 3630 1344 3688 de
1401 3630 1602 3704 quibus
1661 3629 1855 3687 divino
1913 3628 2025 3686 erit
2080 3627 2409 3686 redditurus

185 3719 406 3778 iudicio
451 3719 747 3778 rationem.
825 3718 1229 3777 Ordinationes
1270 3736 1401 3777 vero
1436 3717 1889 3791 presbiterorum
1918 3734 2014 3775 seu
2043 3716 2410 3775 diaconorum

90 3901 151 3942 35
405 3902 507 3943 vn.
568 3902 703 3950 Gapp.
735 3904 800 3942 17.
830 3903 897 3942 18.
955 3904 995 3942 1.
1026 3903 1093 3942 2a.
1110 3902 1149 3941 b.
1164 3914 1200 3941 c.

189 3974 236 4020 a)
264 3972 605 4013 conversatione
631 3974 737 4020 (ras.
767 3982 819 4011 sa
846 3972 917 4023 2α)
945 3973 1013 4011 2α.
1032 3984 1069 4011 c.
1178 3970 1226 4022 b)
1251 3972 1354 4013 tam.
1378 3971 1546 4011 130120.
1648 3970 1690 4021 c)
1719 3971 2028 4063 exoortantibus
2046 3972 2085 4010 1.
2193 3968 2241 4017 d)
2259 3970 2410 4009 labore

191 4028 256 4075 20,
288 4036 402 4066 corr.
510 4024 552 4077 e)
579 4035 666 4073 que
694 4035 776 4063 om.
808 4026 869 4064 2ο.
979 4025 1013 4077 t)
1041 4023 1131 4064 dfio
1160 4025 1227 4065 2b.
1336 4024 1427 4076 3)ae
1413 4025 1478 4062 'ta
1504 4026 1553 4073 13
1580 4026 1736 4115 dDeo
1959 4024 2096 4063 ,ναι
2205 4022 2250 4075 h)
2279 4024 2341 4061 ita
2361 4026 2407 4074 13

192 4089 279 4117 om.
308 4078 404 4116 rell.
568 4078 637 4170 „3
627 4078 761 4116 etiam
788 4079 827 4127 1,
856 4088 1001 4125 corr„-
1028 4083 1074 4117 et
1102 4088 1185 4116 om.
1215 4078 1277 4117 2c.
1441 4076 1552 4127 k)o
1655 4035 1870 4119 vob15020.
2029 4076 2062 4127 l)
2097 4086 2309 4124 supereo-r.
2338 4076 2406 4115 2a.

190 4129 621 4183 m)eta..ad(1)3
746 4074 2016 4182 na;)it10.mr.oll&verenaewpteasupplml

94 4305 156 4343 40
196 4289 247 4357 1)
287 4287 443 4353 Jaffe'
472 4305 527 4342 n.
556 4289 623 4343 19
658 4294 737 4355 (p.
763 4291 890 4349 79);
925 4290 1202 4341 Dummler
1235 4305 1289 4343 n.
1318 4290 1384 4342 18
1421 4293 1497 4352 (p.
1524 4288 1674 4352 267).
1818 4287 1874 4353 2)
1916 4286 2220 4351 Sequuntur
2252 4284 2410 4336 verba

192 4361 261 4412 ab
301 4359 491 4411 Otloho
517 4362 937 4425 praetermissa:
986 4359 1154 4410 Afros
1189 4358 1389 4425 passim
1425 4355 1497 4409 ad
1530 4356 1950 4409 aecclesiasticos
1992 4352 2206 4407 ordines
2254 4370 2410 4421 prae-

192 4429 482 4483 tendentes
516 4428 668 4482 nulla
700 4428 912 4483 ratione
948 4429 1221 4496 suscipiat.

1924 4532 1995 4589 9*
