3167 5192
1238 535 1701 598 PRAEFATIO.
2363 553 2367 558 ·
2500 539 2589 595 xl

349 717 432 802 (c.
508 718 581 803 9)
597 743 620 786 .·
687 722 868 786 sicut
935 725 1176 806 postea
1251 726 1524 806 gestum
1602 724 1739 798 est,
1817 719 2219 803 aliauantum
2292 721 2591 804 temporis

346 809 633 893 spatium
665 816 814 891 post
856 831 1064 875 necem
1107 808 1316 876 sancti
1360 809 1642 891 elapsum
1686 830 1817 874 esse
1861 809 1995 892 ipse
2038 809 2369 876 indicavit.

565 897 834 963 Litteris
877 905 1086 964 autem
1143 920 1222 964 ea
1271 897 1621 979 mandavit,
1682 918 1842 980 quae
1899 920 1942 962 a
1987 899 2177 963 Dullo
2234 905 2294 963 et
2336 899 2588 982 Meyin·

345 1007 503 1070 yozo
548 994 610 1052 et
650 985 804 1052 aliis
848 986 1012 1052 viris
1055 985 1398 1067 Bonifatio
1443 985 1887 1067 familiaribus
1930 993 2291 1070 acceperat:

286 1099 312 1139 5
452 1082 612 1156 prol.
677 1084 840 1141 siout
897 1084 1222 1158 discipulis
1267 1084 1405 1141 eius
1454 1081 1815 1153 (Bonifatii)
1872 1100 2087 1142 secum
2150 1084 2261 1141 diu
2317 1101 2587 1142 commo-

674 1172 960 1230 rantibus
1018 1173 1120 1230 vel
1177 1172 1356 1230 vobis
1416 1170 1621 1237 (Isullo
1680 1175 1734 1229 et
1789 1169 2149 1246 Meyinqozo)
2211 1173 2365 1248 ipsis
2434 1173 2587 1231 refe·

674 1261 957 1319 rentibus
1002 1262 1420 1336 conperirem3

464 1367 511 1408 c.
551 1348 609 1407 1.
671 1351 1207 1426 quemadmodum
1254 1350 1575 1425 relegionis
1622 1349 1773 1406 viris
1834 1349 2253 1408 referentibus
2311 1351 2587 1426 conperi-

674 1457 817 1496 mus
837 1481 851 1508 ‚
921 1440 1029 1514 qui
1110 1439 1457 1497 cottidiano
1517 1439 1653 1495 eius
1726 1439 2054 1513 conloquio
2122 1443 2187 1496 et
2255 1440 2585 1515 relegionis

259 1544 312 1583 ιο
675 1529 1147 1586 conversatione
1194 1528 1414 1585 sedulo
1459 1528 1866 1602 praesentati,
1917 1544 1993 1585 ea
2038 1545 2199 1604 quae
2246 1528 2587 1587 audierunt

671 1617 773 1674 vel
817 1616 1114 1675 viderunt
1157 1618 1224 1674 in
1269 1617 1629 1691 exemplum
1676 1617 1942 1691 posteris
1988 1616 2419 1686 tradiderunt3

463 1723 512 1764 c.
547 1703 608 1762 2.
672 1707 836 1764 sieut
901 1706 1120 1764 fideles
1187 1706 1754 1764 confamiliaritatis
1822 1705 1991 1762 illius
2051 1706 2167 1762 viri
2234 1721 2347 1781 pro
2414 1710 2585 1764 certo

670 1795 888 1852 testati
933 1799 1116 1864 sunt;

464 1901 512 1942 c.
547 1881 608 1940 4.
671 1900 832 1958 quae
877 1887 943 1942 et
987 1884 1269 1941 fidelium
1317 1883 1653 1942 didicimus
1700 1883 2003 1940 relatione
2049 1884 2359 1952 virorum;

261 1987 313 2024 15
462 1989 510 2030 c.
547 1971 604 2030 5.
669 1973 1206 2047 quemadmodum
1251 1989 1384 2029 rem
1430 1972 1829 2046 rumigerulis
1875 1972 2291 2030 referentibus
2338 1978 2585 2047 gestam

669 2063 1099 2136 conperimus;

463 2168 510 2208 c.
546 2151 606 2208 9.
671 2149 855 2221 Quod
921 2154 988 2208 et
1054 2167 1094 2207 a
1159 2150 1427 2224 glorioso
1495 2167 1640 2225 rege
1699 2149 1965 2224 Pippino
2025 2177 2112 2190 —-
2170 2178 2259 2188 —
2317 2152 2401 2208 ad
2467 2168 2585 2209 nos

671 2256 870 2314 usque
916 2256 1028 2314 per
1063 2239 1485 2297 venerabilem
1515 2240 1725 2296 virum
1755 2239 1872 2296 Lu]
1904 2240 2267 2314 episcopum
2299 2240 2585 2298 delatum

670 2332 769 2386 est
813 2331 1004 2403 atque
1048 2329 1160 2398 ita,
1206 2329 1343 2403 ipso
1387 2329 1747 2397 nuntiante,
1795 2328 2183 2398 intimatum,

257 2429 312 2470 ιο
346 2411 532 2491 unde,
593 2416 665 2475 ut
717 2430 916 2492 supra
973 2409 1210 2491 monui,
1269 2409 1607 2493 colliyitur,
1666 2409 1809 2494 ipso
1866 2408 2213 2489 Bonifatio
2270 2417 2585 2476 auctorem

346 2518 532 2563 usum
584 2519 714 2563 non
771 2519 918 2563 esse.
1022 2498 1466 2583 Compluribus
1526 2498 1681 2564 locis
1738 2497 2154 2580 epistularum
2210 2498 2585 2565 mentionem

344 2586 515 2669 fecit,
577 2607 1068 2653 commemorans
1123 2586 1709 2653 commendaticiam
1763 2585 2066 2652 Danielis
2122 2585 2395 2670 episcopi
2452 2588 2584 2655 Wi-

343 2674 710 2758 9orniensis
770 2671 854 2754 (c.
903 2677 997 2757 5),
1057 2676 1327 2742 alteram
1382 2698 1443 2740 a.
1494 2681 1644 2742 719.
1704 2697 1747 2740 a
1812 2675 2124 2759 Greyorio
2170 2677 2273 2740 II.
2324 2677 2584 2759 praedi-

348 2764 552 2829 catori
605 2764 888 2848 yentium
943 2765 1166 2845 futuro
1225 2764 1532 2831 traditam
1593 2762 1709 2843 (ib.
1704 2763 1766 2846 ),
1827 2764 2084 2830 tertiam
2140 2786 2185 2829 a
2241 2764 2585 2845 Bonifatio

255 2871 309 2913 25
334 2873 460 2934 per
515 2852 826 2937 Bynnam
883 2853 1158 2920 Romam
1213 2853 1478 2920 missam
1535 2874 1675 2920 cum
1733 2873 2031 2936 responso
2078 2875 2293 2936 papae
2353 2852 2437 2935 (c.
2488 2856 2581 2938 6),

347 2948 643 3023 quartam
709 2941 857 3008 item
915 2942 1498 3009 commendaticiam
1565 2942 1797 3009 Oarolo
1864 2942 2012 3008 duci
2074 2944 2153 3009 ab
2222 2943 2431 3008 eodem
2487 2942 2583 3008 in-

347 3030 648 3112 scriptam
695 3030 812 3113 (ib.
806 3029 868 3114 ),
917 3052 1143 3114 easque
1187 3038 1247 3097 et
1301 3032 1574 3112 fortasse
1620 3032 1847 3114 plures
1902 3030 2276 3098 Willibaldo
2322 3038 2584 3113 praesto

345 3118 565 3201 fuisse,
595 3119 885 3187 Henrico
913 3120 1125 3187 Halm
1143 3121 1168 3161 ¹
1210 3120 1406 3201 facile
1449 3119 1844 3202 crediderim,
1880 3119 2266 3202 praesertim
2311 3141 2449 3186 cum
2486 3142 2581 3200 ea,

345 3229 506 3290 quae
565 3210 641 3274 de
699 3208 1079 3276 dioecesibus
1128 3209 1552 3275 Baiuvaricis
1610 3231 1673 3274 a.
1726 3215 1873 3273 739.
1936 3208 2289 3274 constitutis
2346 3208 2585 3274 rettulit

255 3317 308 3356 so
349 3292 432 3374 (c.
484 3294 574 3379 7),
623 3297 874 3380 partim
917 3319 995 3364 ex
1037 3297 1308 3380 epistula
1361 3297 1663 3381 Greyorii
1707 3298 1860 3361 III.
1897 3298 2179 3382 pendere
2221 3297 2579 3363 videantur.

345 3385 533 3451 Alios
578 3405 817 3468 quoque
861 3394 1148 3453 auctores
1188 3385 1603 3453 Willibaldus
1647 3393 1705 3452 et
1762 3387 1998 3469 leyerat
2040 3393 2099 3451 et
2142 3385 2580 3468 exscripserat,

345 3473 456 3556 qui
501 3476 590 3540 ad
631 3473 782 3560 ipsa
822 3482 1000 3559 qesta
1042 3475 1378 3556 Bonifatii
1423 3476 1852 3559 coynoscenda
1896 3495 2026 3540 non
2069 3474 2413 3555 faciebant.
2491 3476 2583 3540 In

332 3563 596 3646 proloyo
672 3563 1004 3646 epistulam
1085 3563 1355 3630 Victorii
1428 3565 1518 3630 ad
1589 3563 1901 3630 Hilarum
1978 3563 2217 3630 Oursui
2282 3564 2582 3648 paschali

337 3653 701 3732 praefixam
762 3652 1084 3736 ewpilavit,
1143 3653 1219 3718 id
1274 3653 1441 3734 quod
1493 3675 1548 3718 v.
1612 3675 1664 3719 c.
1723 3652 1811 3717 B.
1860 3653 2124 3718 Krusch
2182 3651 2519 3736 indayavit
2537 3656 2579 3734 ²,

251 3760 306 3801 ³5
344 3740 571 3806 deinde
615 3739 1004 3825 Hieronymi
1048 3741 1323 3807 libellum
1369 3743 1444 3806 de
1489 3741 1655 3806 viris
1712 3740 2108 3824 inlustribus,
2172 3747 2302 3806 tum
2348 3741 2582 3822 Rufini

343 3828 711 3895 Historiam
768 3830 1237 3896 monachorum.
1349 3829 1664 3913 Dialoyos
1729 3829 2031 3913 Greqorii
2087 3830 2190 3895 M.
2248 3831 2581 3912 pontificis

343 3923 401 3982 et
445 3917 663 3984 citavit
713 3925 772 3984 et
815 3921 1056 3984 duobus
1101 3919 1254 3985 locis
1301 3914 1384 3997 (c.
1434 3925 1495 3983 2.
1544 3917 1622 4002 4)
1676 3918 1963 3984 imitatus
2020 3927 2127 4001 est,
2192 3941 2322 3985 uno
2385 3917 2466 4000 (c.
2504 3917 2577 4000 2)

352 4004 657 4072 Cassiani
740 4006 1144 4074 Conlationes
1161 4029 1184 4085 ,·
1273 4010 1350 4073 de
1423 4007 1713 4074 conciliis
1782 4007 2203 4091 yeneralibus,
2294 4015 2580 4073 monente

339 4093 425 4160 B.
485 4095 744 4161 Simson
759 4097 803 4179 ³,
879 4096 1264 4162 Isidoriana
1337 4097 1551 4162 attulit
1626 4093 1708 4175 (c.
1758 4097 1852 4182 8),
1930 4096 2197 4179 denique
2270 4096 2580 4162 sermonis

248 4205 305 4243 ιο
340 4183 784 4251 Aldhelmiani
827 4185 1094 4269 vestiyia
1138 4187 1314 4269 apud
1353 4185 1563 4270 ipsum
1608 4185 1990 4269 deprehendi
2033 4207 2231 4269 supra
2276 4185 2435 4250 dixi.

342 4378 396 4444 1)
450 4377 620 4429 ‘Noch
664 4379 867 4430 einmal
913 4379 998 4431 die
1033 4379 1218 4444 Briefe
1266 4379 1380 4431 und
1414 4378 1663 4445 Synoden
1711 4379 1803 4432 des
1848 4377 2111 4442 Bonifaz’
2148 4377 2578 4444 (‘Forsclumqen

337 4463 441 4499 zur
477 4449 774 4502 Deutschen
814 4447 1142 4502 Geschichte'
1178 4449 1304 4516 XV,
1345 4451 1526 4514 1875),
1555 4467 1617 4516 p.
1644 4451 1746 4504 111
1772 4465 1885 4517 sq.,·
1920 4449 1991 4513 cf.
2022 4465 2080 4516 p.
2110 4450 2231 4504 124.
2384 4451 2442 4516 2)
2486 4449 2576 4504 ‘M

337 4519 526 4574 Aren?
564 4519 666 4586 IV,
712 4537 768 4589 p.
810 4522 928 4577 171.
1074 4521 1130 4588 3)
1173 4520 1236 4576 L.
1275 4521 1311 4575 l.
1354 4537 1414 4587 p.
1453 4522 1522 4576 68
1546 4537 1656 4588 sqq.
