3167 5192
367 494 564 549 VITA
600 494 921 579 QUARTA
955 494 1362 549 BONIFATII
1397 494 1756 551 AUCTORE
1793 496 2272 555 MOGUNTINO.
2370 502 2440 555 99

181 674 303 760 (8).
402 679 523 743 De
584 678 1247 761 disceptatione
1306 679 1478 742 viri
1523 679 1688 744 Dei
1748 701 1931 745 oum
1989 680 2437 764 Stephano

1200 789 1439 851 papa

410 892 671 956 Eodem
719 894 1029 975 tempore
1092 892 1405 975 contigit,
1454 892 1846 957 Romanos1
1893 894 2224 958 domnum
2283 916 2436 977 apo-

178 980 520 1045 stolicum
554 981 983 1063 Stephanum
1032 983 1103 1043 et
1151 982 1511 1045 servitores
1558 983 1784 1045 sancti
1816 982 2007 1046 Petri
2037 982 2432 1062 insolenter,

111 1092 140 1130 5
177 1071 271 1132 ut
319 1091 470 1133 mos
517 1090 752 1134 eorum
800 1073 924 1146 est,
958 1070 1312 1133 infestare.
1392 1070 1483 1133 Et
1520 1071 1652 1133 oba
1693 1072 1823 1135 hoc
1857 1075 2132 1155 arrepto
2164 1072 2432 1149 itinere,

176 1158 428 1222 insciis
474 1158 633 1235 illis,
682 1161 958 1241 sumpto
1019 1178 1249 1221 secum
1309 1158 1540 1243 gladio
1557 1156 1606 1236 *,
1655 1160 1847 1224 venit
1904 1161 1976 1223 in
2027 1154 2427 1225 Franciamb

180 1248 275 1309 ad
328 1248 801 1331 supradictum
852 1247 1233 1329 principem
1265 1248 1660 1331 Pippinum,
1693 1249 2080 1332 patrocinia-
2126 1270 2431 1333 poscen8‚

180 1356 271 1399 eo
320 1338 546 1412 modo,
596 1339 677 1399 ut
726 1329 877 1399 cum
930 1336 1198 1400 duobus
1244 1338 1642 1419 presbiteris
1674 1338 2105 1421 totidemque
2141 1339 2435 1403 diaconi·

178 1424 323 1488 bus
384 1427 571 1488 intra
632 1425 953 1489 conclave
1012 1425 1219 1487 unius
1280 1426 1607 1489 oratorii²
1651 1428 1723 1489 in
1787 1426 2012 1491 cilicio
2074 1430 2146 1491 et
2207 1429 2435 1493 cinere

84 1536 141 1575 ιο
178 1534 334 1577 una
396 1535 549 1578 cum
614 1514 985 1577 antedictis
1044 1513 1441 1597 presbiteris
1502 1519 1573 1578 et
1635 1515 2038 1580 diaconibus
2107 1518 2180 1579 in
2250 1521 2437 1581 terra

178 1602 471 1681 iaceret,
522 1606 591 1667 et
639 1624 760 1686 per
804 1603 1128 1666 nuntium
1176 1623 1408 1686 regem
1456 1604 1544 1667 ad
1592 1624 1663 1669 se
1710 1606 2052 1668 invitavit.
2134 1606 2232 1669 Eo
2276 1626 2434 1689 quo·

181 1713 326 1773 que
373 1692 715 1768 veniente,
766 1693 862 1774 sic
910 1692 1139 1774 inquit
1185 1691 1578 1775 Stephanus
1627 1714 1838 1776 papa:
1893 1694 2157 1758 ‘Honor
2211 1696 2436 1759 sancti

181 1780 386 1845 Petri
433 1781 741 1845 deiectus
790 1784 893 1845 est
952 1783 1023 1845 et
1084 1779 1307 1863 gloria
1368 1782 1612 1845 domus
1673 1784 1818 1845 eius
1879 1783 2248 1847 imminuta
2308 1787 2432 1861 est,

184 1873 265 1934 et
311 1870 467 1933 ideo
514 1870 901 1953 patrocinia
946 1870 1367 1933 Francorum
1414 1864 1485 1933 et
1530 1872 1712 1953 regis
1760 1891 1994 1935 eorum
2043 1872 2432 1955 querimus’.

89 1980 143 2019 15
184 1959 285 2022 'Et
332 1960 430 2022 sic
478 1960 814 2043 producto
861 1958 1114 2041 gladiO,
1166 1960 1360 2022 dedit
1405 1960 1469 2024 ei
1516 1964 1586 2023 et
1633 1961 1707 2021 in
1755 1980 1854 2037 ρο,
1916 1964 2252 2043 quantum
2303 1962 2435 2025 sibi

186 2068 519 2112 concessa
566 2050 763 2125 esset,
816 2049 1009 2111 dedit
1054 2049 1537 2131 patrocinandi
1583 2051 2023 2131 potestatem.
2105 2049 2196 2112 Et
2240 2050 2430 2129 illess,

187 2131 476 2200 statimd
515 2138 739 2200 missis
787 2137 1049 2199 nuntiis
1070 2137 1111 2213 3,
1162 2141 1232 2200 et
1278 2137 1601 2200 iniuriam
1652 2138 2017 2221 apostolici
2064 2142 2136 2202 et
2167 2140 2434 2203 temeri-

186 2230 412 2290 tatem
447 2247 652 2307 quam
684 2226 757 2288 in
804 2228 1118 2289 sanctos⁰
1160 2219 1555 2289 audebantf
1592 2227 1993 2290 vindicavit.
2073 2228 2164 2289 Et
2197 2232 2436 2311 postea

188 2315 628 2397 aliquantum
677 2314 1005 2398 temporis
1050 2314 1124 2377 in
1153 2315 1551 2397 regionibus
1584 2316 2004 2380 Francorum
2040 2318 2434 2381 demoratus

95 2426 149 2464 20
188 2407 319 2467 est.
415 2404 606 2467 Tunc
658 2424 928 2486 quoque
990 2403 1263 2477 accidit,
1314 2407 1395 2467 ut
1456 2404 1748 2467 domnus
1809 2405 2226 2488 apostolicus
2274 2406 2433 2469 Rot-

189 2497 545 2576 gangumg
598 2492 949 2556 ordinaret
996 2492 1377 2557 Metensem
1426 2494 1823 2576 episcopum
1842 2493 1888 2556 4.
1997 2492 2152 2572 Qua
2215 2496 2298 2558 de
2359 2516 2432 2559 re

421 2666 475 2732 ²¹⁸)
518 2664 746 2733 spiritali
782 2666 907 2720 add.
946 2662 1009 2719 F.

407 2843 463 2883 V.
520 2844 624 2892 Gap.
653 2844 694 2882 8.
766 2844 805 2881 1.
836 2844 876 2881 2.

187 2933 232 2981 a)
272 2932 337 2969 ita
365 2932 406 2971 2.
435 2931 500 2979 F;
536 2932 591 2970 ab
622 2932 660 2971 1.
693 2931 759 2971 1¹⁸¹.
896 2932 941 2980 b)
976 2917 1209 2970 'Fi-amiam
1248 2934 1285 2971 1.
1424 2934 1465 2979 c)
1502 2936 1699 2981 potestat
1727 2934 1848 2981 add„
1887 2934 1961 2971 sed
1999 2943 2112 2971 erae.
2144 2935 2194 2983 1;
2233 2938 2432 2983 potestas

95 2984 149 3023 25
188 2984 296 3023 aad.
327 2985 393 3024 1¹⁸¹.
505 2982 550 3032 d)
580 2996 664 3023 om.
696 2987 735 3023 1.
768 2984 833 3023 1¹⁸¹.
935 2987 976 3033 e)
1007 2986 1405 3025 sacerdocium
1431 2986 1483 3024 F.
1586 2986 1621 3033 t)
1651 2984 1899 3025 audiebant
1927 2988 1967 3036 2,
1996 2997 2112 3025 corr.
2215 2988 2260 3037 g)
2288 2990 2351 3025 ita
2379 2988 2433 3039 23
2533 2988 2540 2994 ⁶

190 3029 501 3088 Κῖῑεαυςιιω,
532 3049 620 3076 ras.
652 3049 677 3076 o
708 3041 756 3088 13
785 3038 1074 3087 Rutgangum
1102 3038 1167 3077 1¹⁸¹.
1196 3040 1249 3077 F.

193 3200 247 3265 l)
306 3198 489 3249 Error
538 3197 623 3248 hic
672 3199 859 3263 ‚qram‘s
908 3202 1000 3263 est,
1050 3213 1151 3265 quo
1186 3196 1427 3250 Romani
1464 3214 1574 3265 pro
1610 3197 1992 3267 Longobardis
2041 3203 2398 3252 nominantur
2409 3218 2434 3265 ‚-

189 3274 377 3321 contra
415 3270 511 3321 hos
547 3272 703 3332 enim,
741 3284 849 3320 non
883 3276 1070 3321 contra
1108 3269 1225 3321 illos
1261 3271 1479 3321 auxilia
1508 3272 1782 3337 petitqu
1818 3271 2124 3337 Stephanus
2171 3274 2311 3323 venit
2361 3273 2436 3323 ad

188 3340 505 3407 Pippinum.
566 3339 977 3407 Papebrochiua
1122 3340 1178 3407 2)
1224 3341 1307 3404 Cf.
1340 3340 1400 3395 V.
1428 3341 1694 3407 Stephani
1713 3342 1752 3392 Ι
1749 3342 1794 3396 Ι.
1831 3358 1872 3395 c.
1909 3344 1978 3396 26
2016 3342 2159 3409 (Lib.
2189 3343 2431 3409 pontific.

96 3424 151 3463 30
189 3413 270 3465 ed.
308 3411 583 3462 Duchesne
618 3411 668 3476 Ι,
704 3413 869 3471 447).·
904 3409 1101 3477 Ibique
1136 3409 1336 3463 intus
1374 3411 1781 3463 oratorium
1817 3412 2025 3479 pariter
2063 3412 2432 3481 consedenteS,

188 3499 323 3534 mox
359 3479 564 3534 ibidem
600 3481 941 3534 beatissimus
976 3498 1122 3549 papa
1157 3480 1464 3549 praefatum
1502 3481 2011 3535 christianissimum
2047 3501 2238 3549 regem
2273 3484 2434 3537 lacri-

188 3552 473 3605 mabiliter
508 3552 831 3620 deprecatus
870 3558 966 3619 est,
1018 3558 1078 3604 ut
1114 3570 1214 3619 per
1249 3552 1398 3620 pacis
1449 3551 1674 3605 foedera
1723 3570 1940 3606 causam
1991 3554 2140 3608 beati
2175 3554 2329 3608 Petri
2379 3560 2434 3608 et

189 3624 274 3677 rei
311 3623 529 3691 publice
564 3622 943 3676 Romanorum
982 3621 1323 3692 disponeret;
1378 3625 1573 3679 Chron.
1613 3623 1983 3677 Moissiacense
2019 3626 2142 3692 (SS.
2180 3627 2227 3693 I,
2269 3630 2400 3692 293)
2414 3646 2433 3679 .·

191 3693 573 3763 Sequentidie
610 3711 745 3746 una
781 3712 931 3746 cum
970 3695 1168 3747 clero
1208 3712 1329 3747 suo
1368 3712 1706 3763 aspersus
1745 3696 1990 3749 cinere
2027 3701 2096 3749 et
2133 3697 2434 3751 indutus

94 3779 153 3818 35
192 3765 455 3818 cilicio
491 3766 562 3817 in
597 3769 870 3819 terram
905 3768 1355 3833 prosu-atne,
1393 3798 1463 3805 —-
1492 3796 1553 3805 -
1581 3766 1882 3835 Pippinum
1919 3784 2109 3837 regem
2145 3769 2434 3821 obsecrans

191 3846 241 3889 et
266 3855 314 3903 q.
342 3854 383 3891 8.
418 3840 511 3903 (=
539 3839 683 3891 Ann.
711 3838 987 3889 Mammea
1022 3853 1072 3891 a.
1103 3840 1223 3902 753,
1260 3839 1327 3889 ib.
1360 3856 1417 3905 p.
1444 3841 1592 3899 331).
1738 3838 1792 3908 3)
1818 3838 2089 3907 Pippinus
2112 3842 2224 3908 ipse
2246 3846 2434 3892 contra

191 3908 586 3974 Lanyobardos
626 3909 902 3974 profectus
944 3913 1033 3962 est.
1248 3910 1305 3975 4)
1364 3909 1780 3975 Chrodeyanyus
1830 3914 2045 3963 minime
2093 3929 2128 3963 a
2165 3912 2434 3979 Stephano

190 3983 469 4047 episcopus
502 3980 788 4031 ordinatus
822 3986 914 4045 est,
949 3980 1039 4030 sed
1074 3996 1137 4031 ea
1172 3981 1435 4046 diynitate
1468 3984 1581 4031 iam
1617 3996 1668 4034 a.
1704 3984 1824 4036 753.
1855 3985 2143 4048 praeditus
2177 3986 2317 4034 inter
2352 3999 2433 4035 eos

191 4058 336 4116 erat,
392 4054 490 4117 qui
539 4051 869 4117 Stephanum
926 4067 1129 4118 papam
1182 4053 1243 4103 in
1298 4052 1537 4103 Galliam
1593 4055 1965 4119 profecturum
2019 4070 2084 4105 ex
2136 4054 2304 4104 Italia
2359 4054 2434 4104 ad

95 4135 156 4173 40
191 4122 490 4189 Pippinum
525 4122 915 4174 comitabantur
950 4123 1045 4187 (cf.
1087 4122 1147 4177 V.
1186 4123 1446 4189 Stephani
1477 4123 1557 4177 ΙΙ.
1595 4140 1638 4175 o.
1677 4125 1759 4178 18.
1799 4127 1886 4188 23,
1936 4125 1969 4178 l.
2008 4125 2043 4176 l.
2087 4142 2146 4191 p.
2184 4126 2291 4179 445
2315 4140 2433 4190 sq.,·

56 4230 61 4235 -
192 4194 362 4245 Pauli
401 4194 559 4244 Gesta
608 4195 759 4261 episc.
796 4194 962 4258 Meu„
1015 4192 1110 4247 SS.
1149 4194 1229 4257 ΙΙ,
1268 4196 1417 4260 268),
1468 4210 1685 4261 cumque
1734 4211 1785 4249 a.
1825 4196 1928 4249 766
1979 4196 2174 4259 (Mart.
2213 4197 2272 4261 6)
2320 4198 2433 4246 vita

193 4266 480 4329 defunctus
527 4279 699 4315 annos
736 4267 804 4318 23
856 4270 901 4315 et
950 4280 1150 4315 menses
1188 4267 1221 4319 5
1270 4272 1316 4317 et
1364 4266 1475 4317 dies
1513 4268 1547 4320 5
1582 4266 1775 4335 sederit
1825 4266 2060 4331 (Paulus
2109 4267 2144 4323 l,
2184 4266 2214 4322 Ζ,
2215 4268 2265 4332 ),
2319 4268 2433 4317 iam

195 4352 247 4390 a.
287 4338 391 4389 742
442 4335 602 4403 (Sept.
642 4336 735 4403 30)
784 4338 1056 4401 episcopus
1104 4336 1282 4400 factus
1330 4344 1419 4391 est.
1494 4336 1714 4387 Fabula
1749 4338 1874 4388 inde
1909 4344 2032 4388 orta
2066 4338 2273 4389 videtur
2307 4352 2431 4401 esse,

195 4408 338 4475 quod
373 4407 679 4475 Stephanus
719 4408 777 4457 in
819 4407 1005 4458 Gallia
1040 4413 1395 4459 commoratus
1424 4414 1546 4474 post
1573 4410 1881 4473 passionem
1919 4408 2197 4471 Bonifatii
2231 4425 2280 4461 a.
2309 4410 2428 4463 754.

103 4489 159 4528 45
198 4478 639 4544 Chrodeyanyum
663 4479 845 4543 pallio
880 4492 1114 4530 concesso
1151 4479 1606 4546 archiepiscopum
1657 4478 1926 4531 ordinavit
1968 4480 2061 4543 (cf.
2101 4478 2431 4532 additamen-

1939 4584 2007 4640 7*

1921 4808 2568 4937 59271ῡΔ
