3167 5192
577 483 699 538 XII
1445 483 1905 541 PRAEFATIO.

801 666 972 748 Opus
1017 673 1225 732 autem
1268 666 1364 732 ita
1424 666 1739 750 disposuit
1758 668 1799 748 ¹,
1859 674 1930 732 ut
1985 669 2467 749 unumquodque
2526 673 2714 749 caput
2772 690 2815 733 a

565 755 891 837 prooemio
935 757 1206 837 quodam
1253 755 1667 836 exordiretur,
1728 777 1849 838 quo
1894 778 1996 821 res
2040 757 2219 820 modo
2278 763 2621 821 enarratae
2679 757 2813 821 sub-

575 850 1012 926 sequentesque
1071 844 1340 910 breviter
1391 844 1809 926 continentur,
1872 844 1945 910 in
1990 845 2156 910 calce
2214 865 2359 910 vero
2416 844 2812 910 uniuscuius-

577 953 693 1013 que
760 933 1136 998 sententiam
1197 935 1522 1015 quandam
1591 955 1623 998 e
1684 935 1865 998 Novo
1932 935 2323 998 Testamento
2387 935 2811 1015 depromptam

577 1022 922 1086 collocaret.
1025 1021 1365 1087 Eiusmodi
1423 1023 1713 1088 clausula
1765 1023 1917 1088 solis
1976 1021 2285 1104 capitibus
2342 1023 2510 1088 deest
2579 1030 2810 1104 octavo,
2849 1047 2876 1086 5

577 1112 744 1191 quod
785 1111 1095 1192 martyrio
1127 1113 1567 1193 sepulturaque
1598 1111 1929 1194 descriptis
1958 1111 2031 1176 in
2077 1109 2409 1193 dooeoloqia
2456 1111 2706 1192 desinit,
2756 1118 2813 1176 et

576 1220 761 1280 non-o,
817 1220 937 1281 quo
997 1199 1376 1264 miraculum
1424 1207 1646 1281 postea
1703 1200 1945 1279 factum
2004 1200 2301 1279 refertur.
2412 1200 2811 1264 Prooemium

574 1308 721 1352 vero
766 1287 914 1353 huic
957 1288 1176 1352 ultimo
1219 1288 1480 1353 minime
1527 1291 1695 1354 deest
1736 1310 2053 1370 unumque
2113 1295 2396 1354 octavum
2456 1289 2571 1352 tali
2631 1289 2810 1357 desti-

575 1383 774 1442 tutum
819 1377 1082 1461 abrupte
1127 1377 1355 1459 incipit
1366 1399 1392 1459 ,·
1448 1379 1617 1442 ‘unde
1662 1378 1875 1443 Vitam
1933 1399 2070 1443 77677
2120 1377 2437 1460 inteqram
2494 1384 2812 1443 servatam

575 1487 705 1530 esse
751 1466 1202 1547 concluserunt,
1251 1487 1440 1566 quam
1487 1466 1849 1550 opinionem
1896 1467 2066 1532 aliae
2110 1466 2391 1532 rationes
2428 1468 2811 1546 confirmare
2850 1493 2901 1531 ιο

573 1553 888 1619 videntur.
1006 1554 1162 1620 Gum
1219 1554 1388 1620 enim
1448 1557 1661 1636 capita
1720 1563 1945 1638 septem
1993 1555 2185 1636 prior
2186 1578 2245 1636 a,
2315 1562 2389 1620 ut
2443 1555 2567 1620 Ph.
2628 1556 2689 1621 J
2684 1555 2811 1634 affe

575 1643 628 1706 b.
659 1666 741 1707 m.
787 1643 1034 1708 monuit
1050 1645 1090 1724 2,
1143 1641 1198 1707 ‘r
1199 1665 1270 1709 er
1268 1666 1376 1707 um
1409 1665 1617 1726 proqr
1618 1665 1821 1710 essum
1865 1644 2028 1710 iusto
2066 1644 2288 1709 ordine
2322 1651 2807 1726 persequantur,

574 1731 724 1796 inde
783 1733 862 1796 ab
920 1739 1129 1797 octavo
1188 1733 1416 1814 capite,
1480 1733 1749 1798 dimissa
1808 1733 2009 1798 subito
2067 1733 2315 1798 ratione
2362 1732 2617 1815 priore,
2678 1739 2810 1797 tam

576 1819 878 1903 dissipate
923 1827 1108 1902 atque
1153 1827 1337 1886 extra
1381 1822 1765 1904 martyrium
1794 1822 1867 1886 in
1899 1821 2137 1888 Fresia
2169 1828 2376 1887 actum
2406 1828 2535 1887 tam
2568 1843 2810 1904 parum

563 1911 752 1990 plene
819 1909 1240 2008 expediuntur
1304 1911 1514 1991 facta,
1585 1917 1686 1991 ut,
1758 1932 2019 1992 quocum
2094 1917 2400 1992 quantum
2468 1910 2809 1990 Bonifatio
2848 1935 2900 1974 ιε

576 2019 1010 2064 commercium
1053 1998 1256 2077 fuerit
1311 2019 1388 2064 ex
1443 1999 1731 2101 epist-ulis
1786 2000 1921 2065 eius
1966 2006 2160 2082 patet,
2214 1999 2583 2065 Zacharias
2629 2021 2809 2098 papa

575 2087 649 2150 in
706 2087 872 2152 vitae
931 2087 1346 2169 descriptione
1405 2109 1483 2153 ne
1541 2088 1902 2154 nominetur
1960 2089 2247 2170 quidem',
2307 2090 2475 2153 unde
2534 2088 2593 2152 ei
2652 2089 2808 2152 veri-

574 2176 781 2275 simile
839 2197 1043 2242 visum
1102 2183 1206 2257 est,
1271 2176 1422 2241 ‘iam
1472 2198 1560 2258 pi
1559 2177 1755 2242 imum
1816 2177 1999 2243 Vitae
2054 2178 2376 2260 exemplar
2434 2176 2807 2242 detrimenta

575 2263 805 2346 cepisse
849 2265 1179 2347 hiatusque
1223 2272 1282 2330 et
1325 2265 1530 2330 rimas
1581 2274 1798 2348 postea
1844 2267 1966 2331 lev-i
2024 2267 2283 2332 brachio
2328 2266 2545 2330 oblitos
2599 2287 2727 2331 esse
2742 2266 2783 2305 3'
2790 2314 2805 2329 .

587 2353 688 2418 W.
737 2353 1152 2420 Wattenbach
1211 2361 1418 2420 autem
1479 2357 1534 2420 b.
1590 2377 1673 2419 m.
1734 2355 1999 2420 ulterius
2044 2376 2424 2437 proqressus
2484 2354 2745 2420 coniecit
2760 2356 2804 2435 4,
2844 2381 2899 2420 πο

573 2443 921 2508 nonnullas
965 2464 1068 2508 res
1112 2450 1454 2508 enarratas
1499 2465 1832 2510 censuram
1877 2444 2059 2509 Lulli
2104 2465 2233 2508 non
2278 2443 2495 2508 tulisse
2553 2443 2808 2524 eiusque

571 2531 814 2597 iudicio
859 2552 1082 2597 erasas
1126 2553 1274 2598 esse.
1361 2533 1536 2614 Quae
1578 2533 1891 2598 sententia
1936 2540 2125 2598 acuta
2168 2539 2239 2597 ut
2268 2539 2374 2613 est,
2409 2539 2619 2597 tamen
2650 2532 2807 2597 satis

570 2620 813 2686 incerta
861 2641 989 2685 esse
1033 2620 1196 2686 mihi
1238 2621 1502 2703 videtur,
1564 2628 1749 2704 atque
1792 2622 1878 2687 A.
1931 2623 2009 2686 N
2000 2623 2351 2703 iirnberqer
2370 2621 2394 2660 ⁵
2450 2620 2614 2686 iusto
2665 2620 2807 2686 iure

570 2709 832 2790 monuit,
883 2706 1214 2774 ‘auctorem
1259 2727 1412 2775 non·
1438 2711 1715 2792 perfecti
1758 2709 2047 2776 historici
2104 2710 2355 2775 ratione
2412 2731 2597 2774 usum
2656 2731 2803 2790 esse,

571 2801 682 2864 sed
737 2797 1164 2882 haqioyraphi
1209 2820 1444 2864 morem
1503 2800 1815 2866 tenuisse'.
1930 2800 2111 2881 Quod
2166 2799 2337 2864 enim
2394 2797 2806 2864 Willibaldus
2842 2819 2896 2858 2⁶

557 2886 1012 2969 praetermisit,
1061 2909 1191 2952 non
1235 2889 1434 2952 solum
1489 2889 1935 2970 Traiectenses,
1982 2889 2095 2954 sed
2150 2888 2339 2953 etiam
2385 2888 2479 2952 M
2474 2886 2806 2970 oquntinos

572 2997 795 3057 corpus
838 2975 1175 3055 Bonifatii
1205 2977 1490 3042 Fuldam
1535 2979 1993 3059 deportandum
2038 2977 2309 3042 retinere
2356 2983 2611 3042 conatos
2654 2997 2801 3057 esse,

569 3064 643 3128 id
714 3063 898 3146 Eiqil
979 3064 1360 3147 bioqraphus
1439 3065 1683 3131 Sturmi
1754 3073 1977 3148 postea
2058 3065 2437 3146 affirmavit,
2519 3064 2805 3146 idemque

571 3153 752 3218 Lulli
827 3174 1024 3218 causa
1099 3175 1498 3236 suppressum
1573 3177 1703 3220 esse
1766 3161 1972 3236 potest
1988 3157 2030 3236 ⁶,
2109 3155 2373 3236 itemqu-e
2435 3153 2805 3235 primordia

571 3242 930 3308 Fuldensia
987 3242 1260 3322 fortasse
1317 3245 1388 3308 ob
1446 3243 1831 3309 inimicitias
1876 3243 2057 3309 Lulli
2114 3250 2173 3308 et
2220 3243 2465 3308 877777777-
2486 3243 2507 3282 ⁷
2552 3263 2803 3308 comme-
2843 3263 2895 3302 ao

570 3337 820 3396 morata
887 3352 1016 3395 non
1084 3339 1260 3413 sunt,
1331 3331 1464 3397 nisi
1531 3333 1699 3415 quod
1761 3332 2173 3398 Willibaldus
2241 3331 2439 3397 obiter
2506 3330 2808 3396 narravit

575 3417 655 3498 (6.
693 3422 785 3503 8),
833 3418 1245 3500 Bonifatium
1289 3420 1362 3485 in
1408 3421 1710 3486 Fresiam
1743 3421 2183 3502 profecturum
2212 3422 2401 3486 Lullo
2445 3421 2801 3501 mandasse,

569 3515 642 3573 ut
698 3509 1202 3589 aedificationem
1260 3510 1552 3576 ecclesiae
1611 3509 1960 3576 Fuldensis
2026 3510 2390 3576 inchoatam
2456 3511 2547 3574 ad
2610 3510 2804 3589 finem

561 3600 948 3678 perduceret.
1041 3598 1386 3664 Praeterea
1431 3599 1641 3665 nescio
1688 3621 1777 3664 an
1821 3600 1895 3664 id
1936 3599 2146 3682 ipsum
2179 3600 2553 3664 mandatum
2586 3597 2805 3678 potius

571 3707 710 3751 cum
754 3686 986 3751 studiis
1015 3687 1195 3752 Lulli
1240 3695 1546 3770 6677977767
1587 3688 1867 3771 7697777677
1913 3687 2287 3754 monasterii
2330 3709 2393 3751 a.
2432 3693 2687 3750 763-7
2698 3693 2801 3750 65.
2842 3705 2893 3746 75

569 3774 694 3840 sibi
766 3775 1183 3858 vindicantis,
1263 3777 1545 3842 Sturmio
1620 3777 1693 3842 in
1768 3777 1959 3842 exilio
2035 3779 2287 3860 deqente
2305 3777 2347 3856 8,
2438 3796 2629 3857 97777777
2718 3777 2807 3840 ad

571 3970 624 4035 l)
682 3968 768 4031 Cf.
820 3967 1035 4019 Sim-son
1085 3969 1116 4022 l.
1155 3970 1191 4023 l.
1236 3986 1295 4036 p.
1335 3972 1384 4025 5.
1565 3969 1622 4038 2)
1673 3970 1737 4024 L.
1780 3971 1813 4024 l.
1862 3988 1915 4037 p.
1954 3972 2075 4024 424.
2256 3969 2311 4036 3)
2368 3968 2515 4020 Ide-m
2550 3971 2709 4020 etiam
2744 3969 2804 4018 in

567 4041 736 4105 capite
782 4045 930 4092 sexto
967 4041 1147 4104 (infra
1188 4057 1248 4107 p.
1287 4043 1373 4107 30,
1417 4044 1509 4101 11)
1558 4041 1768 4092 hiatum
1818 4040 2214 4108 deprehendisse
2261 4040 2369 4091 sibi
2414 4043 2559 4091 visus
2608 4045 2699 4102 est,
2746 4039 2804 4089 id

567 4110 708 4176 quod
760 4110 900 4161 mihi
949 4113 1163 4162 omnino
1217 4114 1475 4164 incertum
1534 4113 1741 4164 videtur
1793 4128 1915 4165 esse.
2130 4114 2186 4178 4)
2253 4109 2801 4177 ‘Geschichtsquellen’

568 4181 607 4231 I
619 4179 652 4246 ⁷,
697 4184 816 4236 152.
995 4184 1049 4250 5)
1108 4183 1478 4235 Commentatio
1525 4201 1578 4250 p.
1618 4187 1666 4237 7.
1849 4185 1903 4249 6)
1947 4182 2219 4248 Siquidem
2255 4182 2409 4248 Eiyil
2441 4197 2565 4234 vera
2602 4181 2803 4233 rettulit
2839 4192 2893 4231 40

568 4268 730 4318 neque
778 4253 895 4304 odio
941 4254 1092 4305 Lulli
1139 4255 1361 4320 conficta
1408 4257 1679 4316 narravit,
1729 4269 1838 4320 qua
1887 4254 1949 4305 de
2004 4270 2061 4306 re
2114 4254 2263 4305 haud
2307 4257 2387 4304 ita
2442 4259 2613 4304 certus
2666 4267 2801 4306 sum.

571 4325 624 4390 7)
669 4323 754 4386 Cf.
797 4324 856 4386 V.
895 4325 1105 4376 Sturmi'
1139 4341 1181 4379 c.
1222 4328 1288 4380 16
1313 4341 1424 4392 sqq.
1461 4325 1581 4391 (SS.
1622 4326 1701 4390 II,
1738 4328 1844 4380 373
1868 4328 2021 4391 sqq).
2202 4327 2258 4390 8)
2310 4325 2396 4389 Cf.
2438 4325 2653 4376 Oelsner
2691 4324 2725 4377 l.
2766 4324 2801 4378 l.

559 4411 620 4460 Ρ.
663 4396 770 4448 386
803 4411 910 4461 sqq.
967 4397 1072 4451 516
1105 4411 1220 4462 sq.,·
1273 4397 1462 4460 Hahn,
1513 4397 1771 4460 ‘Bonifaz
1825 4398 1937 4448 und
1990 4396 2141 4457 Luz’‚
2206 4398 2360 4461 1883,
2416 4412 2472 4462 p.
2522 4397 2628 4450 265
2660 4409 2804 4462 sqq-‚⁶

568 4464 768 4516 Hauclo
802 4466 873 4516 II
883 4465 919 4530 ²,
958 4469 1025 4520 57
1045 4483 1120 4533 sq.
