3167 5192
1102 528 1563 593 PRAEFATIO.
2258 527 2454 586 LXIX

196 703 715 789 archiepiscopos
790 710 1210 793 Moyuntinos
1300 714 1376 777 de
1465 712 1725 779 decimis
1808 710 2231 795 Thurinyicis
2305 718 2454 777 tunc

195 791 458 874 ayitata
500 802 594 861 est
611 798 653 860 ¹.

433 884 643 949 Otlohi
696 886 843 952 Vita
886 888 1221 969 Bonifatii
1265 890 1398 955 iam
1445 897 1592 956 ante
1650 913 1714 955 a.
1768 895 1957 955 1073.
2014 912 2057 955 a
2102 890 2453 973 Lamperto

195 973 516 1037 monacho
571 975 1022 1055 Hersfeldensi
1087 980 1178 1043 ad
1242 979 1456 1045 Vitam
1516 979 1697 1043 Lulli
1715 982 1739 1018 2
1797 980 2284 1061 componendam
2342 980 2451 1043 ad-

134 1080 162 1123 s
197 1059 414 1127 hibita
471 1069 579 1127 est.
689 1066 954 1132 Saeculo
1005 1067 1184 1132 XII.
1247 1075 1465 1133 auctor
1522 1070 1587 1134 S.
1639 1068 1820 1133 Petri
1863 1067 2447 1149 Erphesfurtensis,

197 1149 316 1230 qui
379 1152 742 1219 auctarium
799 1156 1176 1221 Ekkehardi
1236 1158 1609 1239 conscripsit
1624 1158 1666 1238 ³,
1729 1163 1789 1222 et
1830 1156 2186 1223 Annalista
2233 1156 2407 1222 Saxo
2425 1158 2451 1197 ⁴⁶

197 1239 426 1303 eadem
481 1241 588 1305 usi
644 1250 810 1322 sunt,
873 1250 1058 1326 atque
1101 1245 1524 1312 Eberhardus
1580 1247 1926 1313 monachus
1970 1245 2321 1311 Fuldensis
2374 1245 2451 1309 in

198 1327 483 1410 epistula
503 1328 839 1411 Bonifatii
873 1354 938 1398 n.
967 1340 1072 1398 86.
1106 1341 1166 1399 et
1195 1335 1542 1417 privileyio
1571 1334 1939 1401 Zachariae
1968 1334 2411 1399 adulterandis
2426 1336 2451 1373 ⁵

199 1437 338 1481 non
361 1423 566 1483 teoetus
575 1420 1018 1504 primiyenios,
1050 1425 1163 1489 sed
1191 1424 1402 1490 Otlohi
1432 1424 1629 1490 libros
1654 1423 1792 1504 (II,
1828 1430 1926 1488 12.
1959 1425 2071 1506 15)
2097 1423 2446 1504 eoescripsit,

113 1528 164 1569 ιο
200 1525 364 1586 quos
407 1507 600 1573 etiam
629 1511 720 1574 ad
747 1511 1151 1579 donationem
1180 1512 1611 1596 episcoporum
1640 1511 2184 1578 Baiuvaricorum
2216 1532 2448 1592 compo-

200 1596 488 1661 nendam
519 1598 812 1663 adhibuit
829 1600 870 1665 ⁶.
920 1601 1031 1665 Ex
1062 1602 1358 1686 operibus
1375 1601 1857 1684 posterioribus,
1891 1601 1964 1667 in
1994 1600 2219 1682 quibus
2264 1600 2448 1667 Vitae

199 1683 476 1765 vestiyia
535 1688 1106 1772 deprehenduntur,
1158 1697 1420 1773 praeter
1483 1690 2004 1771 Gompilationem
2062 1689 2447 1755 Fuldensem

199 1778 260 1835 et
329 1773 698 1855 Leyendam
757 1777 1220 1862 Thurinyicam
1289 1801 1478 1862 opera
1542 1780 1829 1859 fratrum
1881 1777 2239 1860 Minorum,
2309 1776 2443 1843 scil.

209 1860 538 1929 Chronica
626 1864 840 1931 minor
913 1868 1480 1949 Erphesfhlrtensis
1506 1870 1528 1907 ⁷
1604 1875 1663 1933 et
1734 1868 1963 1933 Flores
2038 1873 2381 1948 temporum
2402 1868 2444 1947 ⁸,

114 1972 164 2013 ιο
199 1954 644 2017 enumeranda
701 1961 866 2021 sunt.
973 1957 1270 2039 Denique
1315 1958 1644 2023 Iohannes
1688 1956 2046 2021 Aventinus
2102 1955 2177 2021 in
2222 1957 2448 2021 Anna-

200 2038 374 2105 libus
431 2041 658 2107 ducum
714 2042 1034 2111 Boiariae
1094 2046 1251 2127 III,
1303 2053 1364 2111 8.
1427 2054 1490 2111 9.
1550 2048 1815 2111 eandem
1872 2066 2111 2128 mayna
2169 2066 2203 2109 e
2256 2050 2449 2127 parte

200 2127 366 2192 satis
410 2128 603 2195 libere
647 2133 983 2215 exscripsit
997 2136 1040 2216 ⁹,
1089 2136 1298 2201 codice
1349 2142 1378 2198 l
1429 2135 1633 2201 simili
1677 2156 1850 2201 usus.

431 2236 602 2317 Opus
655 2239 866 2304 Otlohi
910 2241 1149 2307 codices
1192 2243 1370 2308 haud
1399 2242 1601 2325 pauci
1644 2248 2055 2307 servaverunt
2072 2241 2125 2281 1⁰
2140 2263 2161 2305 .·

429 2321 488 2409 l)
586 2327 796 2393 Codex
873 2331 1405 2397 Zwettlensis
1479 2354 1544 2397 n.
1612 2338 1714 2413 77,
1799 2352 1961 2397 saec.
2044 2330 2267 2395 XIII.
2330 2330 2443 2412 in„

117 2438 168 2477 ιο
200 2413 321 2493 fol.
375 2420 744 2480 124—147.
809 2418 1020 2484 Vitam
1074 2419 1410 2502 Bonifatii
1468 2420 1892 2503 compluribus
1949 2419 2247 2485 manibus
2305 2441 2446 2484 esca·

203 2508 420 2567 ratam
463 2505 738 2571 continet
757 2507 827 2588 ¹²,
876 2528 1067 2589 quam
1111 2509 1222 2589 fol.
1266 2509 1431 2573 147‘.
1481 2512 1802 2592 cataloyus
1846 2510 2273 2591 episcoporum
2304 2508 2449 2573 Mo-

200 2592 685 2673 yuntinensium
717 2598 806 2660 ad
836 2597 1163 2678 Sifridum
1194 2599 1256 2663 I.
1291 2594 1692 2683 (1060—84)
1712 2598 2093 2679 perveniens
2123 2598 2445 2680 excipit12.

205 2681 406 2746 Hunc
463 2702 682 2749 versus
740 2685 814 2749 in
874 2687 1040 2751 calce
1099 2687 1252 2752 libri
1311 2688 1576 2753 alterius
1634 2694 1693 2753 et
1738 2687 1993 2770 proloyi
2054 2687 2303 2771 prioris
2366 2687 2446 2751 ab

213 2769 436 2835 Otloho
489 2772 772 2837 collocati
828 2777 1292 2857 subsequuntur
1311 2778 1381 2841 13.
1485 2777 1837 2843 Librarius
1881 2777 2135 2860 passim
2191 2776 2452 2859 scripsit

121 2884 170 2923 πε
206 2872 514 2943 ιηῖιςηιιε,
562 2874 873 2947 regnum,
923 2866 1283 2950 benignus,
1335 2868 1606 2951 dignus,
1657 2868 2018 2951 designare
2062 2865 2446 2948 similiaque.

211 3088 264 3156 1)
306 3087 406 3154 Ib.,
448 3090 595 3155 prol.
633 3094 712 3158 (p.
753 3095 871 3147 113.
914 3095 1058 3153 115).
1235 3096 1290 3162 2)
1334 3094 1435 3149 Ed.
1471 3094 1927 3161 Holder-Eyyer,
1965 3094 2059 3148 SS.
2100 3094 2231 3161 XV,
2272 3096 2447 3149 135-

213 3161 350 3221 148:
386 3160 669 3229 Lamperti
705 3162 881 3229 Opera
926 3182 981 3232 p.
1021 3167 1321 3220 307-340.
1469 3169 1522 3233 3)
1560 3167 1655 3220 SS.
1694 3166 1806 3230 ΙΠ,
1845 3168 1947 3232 35,·
1988 3164 2444 3232 Holder-Eyyer,

211 3231 558 3283 Monumenta
606 3234 1110 3301 Erphesfuotensia,
1167 3238 1321 3302 1899,
1363 3254 1423 3304 p.
1461 3240 1532 3292 26
1555 3254 1632 3304 sq.
1848 3239 1905 3304 4)
1955 3237 2251 3287 Annalista
2300 3236 2449 3289 Saxo

212 3320 262 3356 a.
294 3305 396 3357 741
440 3303 563 3367 (SS.
603 3304 696 3371 VI,
734 3309 866 3365 553)
903 3308 1143 3359 Annales
1177 3308 1470 3361 Fuldenses
1504 3314 1552 3359 et
1604 3308 1971 3360 Willibaldum
2005 3310 2311 3375 eoescripsit,
2358 3308 2449 3360 sed

130 3389 179 3429 30
211 3375 403 3426 verba:
445 3372 590 3427 Nam
637 3380 798 3429 antea
833 3376 1075 3429 winfrid
1121 3378 1423 3445 dicebatur,
1472 3396 1540 3431 ex
1579 3378 1766 3431 Otloho
1803 3380 1851 3444 I,
1894 3382 1961 3434 13
2010 3381 2087 3446 (p.
2136 3381 2256 3445 128,
2292 3381 2353 3444 3)
2402 3385 2449 3429 et

212 3461 298 3496 res
348 3460 399 3499 a.
438 3447 559 3501 745.
597 3448 802 3499 relatas
837 3456 915 3515 (p.
955 3452 1086 3516 554)
1123 3467 1190 3501 ex
1230 3448 1413 3503 Otloho
1448 3451 1526 3517 II,
1557 3454 1643 3517 17,
1679 3452 2020 3518 deprompsit,
2067 3465 2184 3501 cum
2235 3465 2285 3505 a.
2326 3451 2445 3503 750.

213 3522 257 3566 et
282 3518 387 3571 753
413 3518 487 3583 (p.
513 3519 619 3573 555
637 3521 738 3586 sq.)
777 3522 850 3571 ad
881 3520 1246 3572 Willibaldum
1282 3524 1518 3576 redierit.
1664 3523 1719 3587 5)
1762 3521 1999 3586 Dronke,
2040 3520 2212 3573 Codex
2234 3521 2445 3586 diplom,

213 3588 367 3641 Md.
398 3605 458 3654 Ρ.
489 3590 536 3642 1.
562 3592 597 3643 3
621 3590 696 3656 (n.
722 3594 772 3645 3.
798 3591 922 3658 4b)‚·
957 3593 1026 3656 cf.
1051 3592 1233 3644 Roller
1255 3594 1291 3647 l.
1320 3594 1354 3653 l,
1381 3610 1506 3661 app.
1523 3611 1583 3661 Ρ.
1612 3596 1645 3649 6
1670 3602 1747 3658 (n.
1775 3595 1859 3648 28.
1886 3593 1998 3651 29).
2122 3593 2177 3659 6)
2207 3590 2445 3653 Dronke,

225 3658 562 3711 Traditiones
620 3666 666 3711 et
724 3665 1068 3729 antiquitates
1121 3663 1414 3716 Fuldenses
1467 3682 1523 3731 p.
1579 3667 1682 3720 143
1742 3667 1810 3726 (c.
1862 3666 1987 3724 65)‚·
2046 3663 2231 3715 Roller
2273 3680 2333 3729 Ρ.
2378 3664 2447 3717 62

132 3743 182 3783 35
216 3742 290 3793 (n.
329 3732 462 3796 285)
474 3748 496 3793 ,-
543 3732 617 3795 cf.
659 3731 838 3784 Otlohi
880 3734 937 3793 ῐζ.
979 3734 1248 3799 Bonifatii
1281 3736 1330 3799 I,
1367 3739 1452 3790 33.
1619 3737 1675 3803 7)
1711 3734 1819 3789 Ed.
1854 3733 2311 3800 Holder-Eyqer,
2350 3732 2447 3789 SS.

216 3800 433 3865 XXIV,
477 3805 579 3856 179
602 3819 750 3871 sqq.,·
785 3804 1130 3857 Monumenta
1153 3805 1645 3872 Erphesfurtensia
1672 3823 1731 3873 p.
1758 3808 1881 3862 604.
1919 3808 2024 3861 608
2048 3822 2125 3873 ες.
2254 3804 2310 3873 8)
2349 3803 2445 3858 SS.

217 3871 435 3939 XXIV,
490 3876 614 3928 242.
816 3878 871 3942 9)
927 3876 1032 3931 Ed.
1086 3877 1302 3929 Riezler
1355 3878 1394 3930 I
1449 3878 1795 3943 (‘Turmairs
1863 3876 2071 3928 Werlce'
2128 3875 2232 3941 ΙΙ),
2291 3877 2447 3941 1882,

209 3959 266 4009 Ρ.
286 3946 409 3999 380.
435 3946 735 4000 384—400.
759 3949 883 4001 403.
937 3946 1025 3999 Ea
1049 3964 1266 4015 quoque,
1293 3965 1428 4015 quae
1449 3951 1622 4001 editor
1642 3950 1976 4001 doctissimus
1998 3964 2117 3999 cum
2144 3946 2451 3998 Willibaldo

218 4022 262 4065 et
295 4016 535 4082 epistulis
560 4015 937 4080 Bonifatianis
971 4022 1314 4086 comparavit,
1355 4036 1422 4071 ex
1449 4020 1633 4073 Otloho
1665 4020 1891 4087 pendent
1925 4034 2087 4085 neque
2121 4034 2187 4070 ex
2212 4018 2447 4069 auctori-

134 4100 185 4139 40
218 4085 310 4137 bus
336 4090 686 4153 primiqeniis
719 4091 809 4155 (of.
848 4106 1022 4156 supra
1063 4108 1123 4157 p.
1161 4090 1370 4157 XLIV,
1412 4108 1466 4144 n.
1503 4093 1594 4159 2),·
1628 4093 1769 4143 unde
1805 4091 2025 4142 delenda
2059 4094 2183 4141 sunt
2217 4103 2351 4154 quae
2385 4088 2449 4139 de

219 4158 382 4210 codice
417 4159 772 4223 epistularum
811 4161 878 4211 ab
901 4162 1164 4215 Aventino
1199 4162 1440 4215 adhibito
1460 4165 1679 4229 scripsit
1701 4163 1799 4216 Fr.
1825 4161 1988 4226 Fallc,
2026 4161 2145 4211 ‘Die
2165 4158 2449 4223 ehemaliye

218 4228 634 4281 Dombibliothek
667 4247 738 4282 zu
767 4230 1003 4297 Mainz’,
1032 4235 1188 4300 1897,
1217 4250 1277 4301 Ρ.
1299 4236 1388 4289 81.
1535 4236 1624 4301 10)
1674 4234 1759 4297 Cf.
1797 4235 1864 4287 A.
1892 4231 2257 4295 Narnberqer,
2298 4228 2450 4280 Com-

219 4302 469 4353 mentatio
509 4318 570 4367 Ρ.
608 4304 677 4357 26
702 4318 810 4370 sqq.
993 4304 1081 4373 11)
1135 4306 1216 4369 Cf.
1270 4306 1346 4359 St.
1385 4306 1621 4371 Ro‘ssler,
1674 4304 1854 4357 Xenia
1891 4301 2241 4354 Rev-nardina
2279 4299 2359 4364 ΙΙ,
2399 4303 2448 4365 1,

224 4373 375 4437 1891,
416 4388 476 4439 Ρ.
515 4376 622 4428 330
645 4390 722 4440 sq.
883 4376 971 4439 12)
1004 4377 1098 4431 SS.
1138 4376 1311 4443 XIII,
1348 4380 1470 4432 311.
1635 4377 1724 4443 13)
1762 4375 1875 4443 Eos
1907 4390 2019 4425 una
2054 4387 2169 4423 cum
2206 4372 2449 4437 cataloqo

34 4510 36 4515 .
142 4455 189 4495 45
223 4442 377 4494 edidit
421 4442 501 4497 W.
547 4444 903 4513 Wattenbach,
947 4448 1194 4499 ‘Archiv’
1230 4448 1304 4513 X,
1341 4450 1463 4514 609,
1505 4450 1784 4514 iynorans,
1824 4460 1931 4511 qua
1967 4445 2177 4496 ratione
2210 4442 2299 4495 illi
2330 4458 2450 4495 cum

34 4530 36 4549 ι
234 4511 290 4567 V.
329 4514 605 4579 Bonifatii
637 4519 900 4569 coniuncti
935 4525 1116 4573 essent.
