3167 5192
682 489 787 541 200
896 482 1138 539 VITAE
1174 481 1578 537 BONIFATH
1614 481 1975 537 AUCTORE
2013 482 2322 538 OTLOHO
2362 482 2599 537 LIBER
2621 482 2703 539 II.

437 692 578 740 m.
593 693 661 733 ει.
682 672 1075 747 deprecamur,
1121 676 1188 730 ut
1228 690 1329 730 suo
1376 675 1426 729 te
1468 670 1693 729 muniat
1749 676 1803 730 et
1856 674 2139 743 confortet
2180 672 2405 731 auxilio
2448 689 2657 745 nosque
2701 676 2927 730 annuat

672 761 1086 836 prosperitatis
1131 765 1260 819 tuae
1302 778 1522 834 semper
1565 761 1718 819 laeta
1761 760 2047 834 suscipere
2090 761 2312 819 nuntia.

893 848 1060 908 Data
1093 849 1294 922 pridie
1339 847 1491 907 Non.
1540 848 1836 917 Novemb.,
1883 849 2201 923 imperante
2245 850 2449 909 domno
2494 854 2733 924 auqusto
2781 849 2925 908 Gon-

681 939 932 999 stantino
975 938 1209 1012 imperii
1253 938 1415 996 eius³
1469 956 1619 996 anno
1664 938 1940 997 XXXII
1950 927 2011 1007 b,
2058 938 2364 997 indictione
2403 939 2468 998 V.

437 1135 659 1185 amas.
681 1110 833 1190 (14).
955 1114 1508 1175 ZAGHARIAS0·
1535 1108 1558 1148 ²
1634 1114 1860 1173 PAPA
1949 1114 2427 1174 BONIFAGIO
2508 1113 2924 1174 EPISGOPO
2960 1133 2989 1171 5

683 1203 1072 1266 SANOTAE
1156 1194 1747 1351 ῌΟΟΙΞΕΒΙΑΞΣΒ
1755 1203 2303 1352 ΖἐὶἇίτίῖῧίὲῗζθΝΤΙΑΕ
2386 1204 2931 1263 PERPETUAM

901 1402 1164 1478 Qualiter
1229 1400 1490 1459 dominus
1557 1401 1720 1458 Deus
1792 1404 1984 1459 noster
2049 1405 2411 1459 sanctae
2484 1400 2924 1481 ecclesiae

679 1509 709 1549 3
731 1510 770 1549 u
793 1510 830 1549 a
852 1509 881 1549 e
929 1490 1298 1564 propiciatus
1340 1489 1421 1548 sit
1460 1494 1515 1547 et
1571 1489 1864 1548 laboribus
1907 1489 2301 1548 sanctissimae
2353 1489 2749 1560 fraternitatis
2794 1494 2925 1547 tuae

682 1584 1014 1653 cooperator
1058 1578 1336 1648 extiterit,
1396 1596 1510 1652 per
1553 1578 1785 1652 sinyula
1827 1578 2043 1637 edicere
2087 1580 2315 1653 longum
2360 1583 2461 1648 est,
2522 1583 2640 1637 tam
2665 1596 2695 1635 e
2716 1596 2757 1635 n
2772 1624 2789 1647 ,
2859 1582 2925 1636 ut
2963 1598 3013 1635 10

675 1670 815 1727 baec
860 1686 1003 1742 quae
1032 1668 1303 1726 obicimus
1333 1666 1747 1739 confirmemus,
1795 1685 1937 1740 quae
1981 1686 2055 1725 ea:
2073 1672 2269 1741 parte,
2318 1672 2371 1725 te
2413 1672 2713 1736 narrante,
2752 1685 2801 1740 p
2814 1684 2919 1724 er-

678 1758 991 1831 speoeimus,
1051 1776 1079 1815 e
1101 1776 1141 1814 n
1163 1777 1200 1815 a
1221 1776 1257 1815 r
1277 1775 1313 1814 r
1336 1775 1372 1815 a
1395 1774 1453 1813 m
1473 1774 1514 1813 u
1535 1773 1582 1814 s.
1677 1755 1872 1831 Iyitur
1915 1755 2051 1814 dum
2094 1756 2159 1814 in
2207 1754 2563 1815 Germania⁰
2608 1754 2923 1829 provincia

682 1851 782 1904 tua
797 1834 822 1876 f
873 1846 1150 1904 sanctitas
1215 1846 1293 1904 ad
1348 1845 1770 1919 predicandum
1837 1846 2045 1915 fuisset
2100 1845 2322 1904 directa
2380 1864 2419 1903 a
2461 1850 2693 1903 sanctae
2735 1862 2921 1903 recor-

680 1935 934 1993 dationis
969 1935 1361 2008 predecessore
1404 1939 1601 1993 nostro
1646 1933 1849 1993 domno
1899 1933 2180 2008 Gregorio
2214 1952 2402 2008 papa,
2463 1939 2517 1992 et
2550 1938 2689 2007 post
2731 1934 2920 1992 incho-
2994 1948 3001 1953 ·

680 2029 837 2081 atum
882 2040 1024 2096 opus
1067 2028 1121 2081 et
1163 2022 1405 2097 aliquag
1455 2041 1529 2080 eae
1575 2027 1752 2096 parte
1803 2021 2167 2094 aedificatum
2211 2022 2473 2081 Romam
2516 2040 2800 2092 reversus,
2848 2024 2919 2081 ab
2961 2041 3010 2079 15

679 2130 741 2170 eo
786 2112 1079 2185 episcopus
1123 2112 1424 2170 ordinatus
1467 2116 1521 2169 et
1572 2112 1651 2170 ad
1705 2112 2129 2185 predicandum
2196 2112 2375 2170 denuo
2433 2112 2706 2170 remissus
2765 2129 2823 2170 es
2868 2117 2923 2169 et

680 2201 989 2259 elaborasti
1033 2202 1158 2259 Deo
1193 2201 1399 2275 previo
1444 2219 1593 2258 nunc
1634 2218 1809 2274 usque
1843 2219 1959 2274 per
2002 2219 2182 2260 annos
2216 2201 2410 2259 XXV
2445 2202 2509 2259 in
2554 2201 2749 2259 eadem
2783 2219 2917 2319 pre}-

679 2289 979 2359 dicatione,
1048 2308 1122 2348 ea:
1165 2308 1274 2363 quo
1320 2289 1705 2363 episcopatum
1763 2308 1800 2347 a
1815 2307 1845 2348 c
1858 2278 2127 2363 cepistih,
2195 2290 2293 2348 sed
2338 2295 2393 2348 et
2432 2290 2499 2347 in
2554 2290 2903 2363 provincia¹

678 2379 1043 2437 Francorum
1087 2384 1287 2437 nostra
1329 2379 1450 2437 vice
1495 2378 1795 2437 concilium
1853 2397 1882 2436 e
1902 2397 1939 2452 9
1960 2379 1985 2436 i
2006 2379 2161 2449 sti,
2231 2384 2286 2437 et
2350 2379 2521 2437 iuxta
2588 2396 2868 2437 canonum

676 2467 944 2525 instituta
1010 2484 1198 2525 omnes
1263 2467 1407 2537 fleoci
1473 2472 1606 2525 sunt
1674 2468 1741 2525 ti
1764 2468 1843 2525 b
1820 2486 1844 2525 i
1911 2468 2153 2526 obedire.
2247 2468 2331 2526 Et
2374 2468 2510 2525 dum
2553 2467 2618 2525 in
2663 2468 2755 2526 his
2791 2467 2918 2540 piis
2956 2486 3012 2523 2ο

679 2556 942 2629 operibus
986 2560 1260 2630 occupata
1305 2560 1445 2615 esset
1493 2556 1701 2614 sancti
1724 2561 1748 2615 t
1770 2576 1809 2615 a
1830 2574 1859 2614 s
1906 2561 2022 2626 tua,
2091 2575 2241 2616 nunc
2306 2574 2481 2631 usque
2538 2556 2917 2615 cathedralem

676 2634 894 2703 sedem¹
938 2645 1052 2704 sibi
1095 2646 1329 2703 minime
1372 2645 1711 2705 vendicavit.
1789 2644 1871 2703 At
1914 2647 2014 2704 ubi
2059 2647 2221 2705 Deus
2257 2646 2712 2720 predicationem
2760 2651 2918 2703 tuam

678 2734 863 2802 auxit,
913 2734 1161 2792 obtinere
1203 2734 1623 2803 voluisti,
1691 2739 1757 2792 ut
1826 2734 1931 2792 tibi
1996 2736 2523 2809 episcopalem
2574 2734 2919 2811 ecclesiamm

676 2823 764 2880 vel
837 2823 1246 2881 successoribus
1321 2823 1438 2881 tuis
1512 2822 1854 2894 confirmare
1926 2824 2058 2882 debe
2080 2843 2118 2883 a
2138 2842 2265 2882 mus
2352 2824 2525 2882 iuxta
2613 2823 2917 2882 eorundem

677 2910 932 2982 filiorum
1022 2930 1060 2969 n
1083 2930 1116 2971 o
1139 2929 1168 2969 s
1193 2918 1216 2970 t
1238 2931 1273 2969 r
1295 2930 1327 2969 o
1350 2931 1384 2969 r
1406 2931 1446 2969 u
1469 2930 1526 2969 m
1617 2913 1983 2971 Francorum
2061 2913 2413 2986 petitionem.
2529 2913 2614 2971 Et
2700 2913 2917 2971 idcirco
2954 2929 3009 2968 26

679 2999 1014 3058 auctoritate
1060 3000 1207 3058 beati
1252 3001 1418 3059 Petri
1475 3001 1720 3074 apostoli
1775 3001 2081 3071 sancimus,
2152 3006 2217 3059 ut
2280 3002 2617 3075 supradicta
2684 3002 2919 3083 ecclesia

677 3087 938 3162 Moyonti
952 3089 1029 3147 a¹¹
1071 3089 1372 3162 perpetuis
1417 3090 1761 3163 temporibus
1822 3090 1925 3147 tibi
1969 3095 2024 3149 et
2065 3091 2478 3149 successoribus
2524 3091 2639 3149 tuis
2684 3091 2763 3149 in
2808 3109 2916 3147 me-

678 3176 958 3250 tropolim
1003 3178 1081 3236 sit
1126 3177 1483 3250 confirmata,
1530 3178 1740 3237 habens
1768 3180 1871 3237 sub
1902 3198 1959 3237 se
1989 3178 2095 3237 has
2124 3180 2400 3249 civitates,
2432 3179 2498 3238 id
2526 3184 2611 3238 est
2644 3179 2915 3253 Tunqris‚

681 3264 995 3336 Coloniam,
1061 3266 1511 3336 Wormatiam0,
1583 3266 1909 3341 Spiratiam
1975 3272 2029 3327 et
2080 3268 2319 3337 Trectis,
2404 3273 2459 3327 et
2522 3287 2713 3327 omnes
2777 3268 2917 3326 Ger-

676 3354 904 3413 maniae
969 3360 1184 3429 yentes,
1269 3374 1413 3429 quas
1494 3361 1594 3414 tua
1663 3357 2008 3427 fraternitas
2063 3376 2177 3431 per
2243 3376 2407 3416 suam
2463 3357 2920 3431 predicationem
2957 3375 3006 3413 30

680 3442 898 3502 Christi
944 3444 1131 3502 lumen
1175 3462 1498 3519 cognoscere
1544 3445 1701 3516 fecit.
1785 3445 1906 3503 His
1952 3465 1989 3503 a
2032 3447 2195 3504 nobis
2238 3445 2509 3517 definitis,
2546 3465 2595 3520 p
2619 3465 2648 3504 e
2668 3464 2705 3504 r
2748 3446 2921 3504 huius

674 3537 903 3591 nostrae
947 3532 1399 3605 confirmationis
1432 3534 1717 3607 paqinam
1760 3534 1823 3592 in
1854 3538 1953 3592 tua
1981 3535 2213 3615 ecclesia
2239 3536 2541 3609 perpetuis
2570 3535 2921 3608 temporibus

666 3640 785 3694 pro
828 3622 922 3680 sui
967 3622 1396 3693 confirmatione
1441 3624 1478 3681 h
1501 3642 1539 3681 a
1563 3642 1591 3681 c
1615 3641 1644 3681 c
1688 3641 1961 3681 conserva
1980 3624 2062 3682 ri
2105 3624 2461 3682 mandamus.

888 3709 1053 3769 Data
1119 3712 1319 3785 pridie
1400 3711 1553 3770 Non.
1624 3711 1918 3781 Novemb.,
2009 3713 2329 3786 imperante
2401 3713 2603 3771 domno
2678 3718 2919 3787 auyusto

681 3796 1048 3857 Constantino
1095 3818 1244 3858 anno
1288 3799 1571 3858 XXXII.
1621 3801 1856 3875 imperii
1902 3802 2043 3870 eius,
2090 3801 2397 3861 indictione
2430 3803 2492 3860 V.
2955 3818 3005 3857 35

2874 2368 2912 2408 k

890 3958 1350 4009 VII.c'a...p1314
1417 3960 1620 4001 1.2a..1›

676 4056 718 4103 a)
763 4065 879 4094 anno
917 4056 1012 4094 eius
1040 4057 1100 4104 2ο,
1137 4067 1254 4100 corr.
1428 4058 1472 4106 b)
1511 4058 1632 4096 XXX
1659 4056 1699 4097 'ua
1724 4059 1770 4107 13
1815 4058 1927 4096 trice
1928 4058 2042 4097 ulmo
2120 4055 2268 4097 cundo
2296 4058 2365 4097 2b.
2521 4059 2561 4107 c)
2592 4058 2835 4098 Zacharias
2862 4080 2919 4087 —

676 4109 882 4159 salutem,
925 4110 1068 4157 spatio
1109 4121 1245 4148 vacuo
1286 4110 1450 4159 relicto,
1484 4122 1562 4159 pr.
1605 4121 1693 4203 nae
1707 4121 1809 4160 οη,
1812 4112 1915 4203 ἰειΖ
1917 4112 1988 4151 c.h
2031 4124 2060 4161 p
2063 4069 2151 4160 :pi
2190 4112 2257 4151 ‘Bo
2261 4112 2435 4151 neiat-‚io
2477 4124 2535 4151 m.
2566 4112 2626 4151 al.
2665 4112 2809 4160 suppl.
2849 4112 2913 4151 2ο.

676 4162 722 4208 d)
766 4163 875 4220 9001.
903 4162 1163 4211 Mogonciae
1191 4164 1268 4215 2a3
1311 4164 1384 4203 Mo
1359 4175 1474 4212 ogon
1445 4165 1572 4203 ntien
1543 4164 1636 4203 usis
1694 4166 1810 4203 οοεΙε
1831 4165 1949 4207 e.2b
2110 4168 2151 4214 e)
2197 4165 2485 4206 Germaniam
2525 4166 2805 4214 provinciam
2847 4166 2913 4206 2c.

676 4216 709 4262 f)
739 4227 776 4258 s.
805 4220 883 4255 tua
911 4216 979 4255 2α.
1001 4217 1039 4258 b.
1065 4227 1100 4255 c.
1266 4218 1362 4265 ωε
1423 4218 1480 4256 aL
1512 4218 1582 4259 2α.
1604 4218 1687 4260 b.c
1812 4176 1911 4267 leh)
1942 4218 2180 4267 accepistis
2209 4220 2277 4259 2α.
2440 4219 2472 4267 i)
2511 4220 2587 4258 Fr.
2617 4230 2687 4268 pr.
2720 4220 2786 4258 2α.
2809 4220 2849 4258 b.
2874 4230 2911 4259 c.
2951 4223 3003 4260 40

676 4268 722 4315 k)
752 4280 812 4308 m.
840 4269 899 4307 al.
929 4280 1140 4318 super-scr.
1172 4270 1270 4362 2b.i
1349 4271 1432 4319 l)s
1433 4271 1546 4310 isbi
1549 4250 1633 4310 e'de
1610 4282 1679 4309 em
1708 4273 1768 4321 20,
1798 4282 1913 4314 corr.
2031 4274 2090 4319 m)
2118 4272 2165 4311 in
2191 4282 2285 4311 ras.
2316 4272 2382 4313 212.
2502 4271 2551 4322 ιι)
2579 4272 2816 4322 Mogonoia
2842 4272 2913 4311 202.

677 4333 702 4361 ο
755 4322 1063 4373 wormaciam,
1093 4323 1252 4372 Spirae
1271 4335 1342 4362 am
1371 4326 1410 4365 1.
1443 4325 1510 4365 2ο.

707 4322 720 4367 )

677 4464 731 4529 1)
776 4462 934 4527 Jaffe'
963 4480 1017 4518 n.
1055 4467 1123 4519 81
1161 4470 1241 4531 (p.
1276 4466 1440 4531 226ss
1475 4467 1758 4519 Dammler
1791 4483 1845 4521 n.
1882 4468 1953 4521 88
1989 4468 2064 4534 (p.
2103 4469 2247 4529 372).
