3167 5192
677 498 780 552 192
892 492 1136 549 VITAE.
1171 492 1578 549 BONIFA'I'II
1612 492 1973 551 AUCTORE
2009 492 2318 550 OTLOHO
2356 492 2591 548 LIBER
2611 492 2693 547 Π.

426 700 655 748 mas-1.
673 688 728 741 et
771 703 808 741 a
853 684 1096 743 luxuria
1150 702 1209 743 se
1266 683 1496 742 minime
1553 683 1870 742 continebat
1933 684 2071 743 sedu
2093 702 2139 741 ω
2158 683 2184 741 i
2207 687 2233 741 t
2250 702 2286 757 q
2308 702 2348 741 u
2371 703 2400 741 e
2456 683 2739 757 populum
2797 701 2915 756 per

671 772 939 831 varias
985 773 1291 873 falsitates,
1338 772 1424 831 ita
1466 778 1533 831 ut
1573 790 1768 831 cruces
1810 777 2063 832 statuens
2104 772 2169 830 in
2213 772 2431 846 campis
2475 776 2531 829 et
2570 772 2909 839 oratoriola,

671 862 740 919 ill
763 880 802 919 u
826 880 854 919 c
912 863 1006 932 fa
1029 880 1057 919 c
1079 862 1103 920 i
1127 866 1212 920 at
1256 862 1540 937 populum
1599 879 1959 920 concurrere
2007 861 2276 935 publicas
2298 879 2333 935 q
2355 880 2393 919 u
2418 880 2447 920 e
2502 861 2765 942 ecclesias
2824 880 2909 918 r-e

672 950 985 1049 linquere;
1045 951 1316 1025 quique
1373 950 1695 1009 sanctitatis
1737 950 1960 1009 nomine
2003 968 2063 1008 se
2104 950 2303 1009 vocari
2347 950 2564 1008 censuit
2605 954 2660 1007 et
2700 950 2764 1007 in
2808 966 2914 1007 suo

669 1039 892 1097 nomine
948 1040 1210 1117 ecclesias
1268 1058 1532 1098 consecra
1552 1058 1590 1097 v
1612 1040 1637 1098 i
1660 1045 1712 1109 t,
1779 1036 2094 1112 affirmans
2159 1058 2218 1097 se
2282 1040 2610 1112 angelorum
2675 1038 2909 1095 nomina
2949 1054 2975 1093 5

670 1128 836 1197 scire,
897 1146 1042 1203 quae
1107 1128 1170 1187 in
1238 1128 1352 1187 tuis
1419 1128 1582 1186 lite
1605 1128 1738 1187 ris
1802 1128 1964 1187 nobis
2026 1128 2347 1202 conscripta
2405 1127 2692 1195 direxisti,
2766 1145 2913 1201 quae

669 1217 901 1275 nomina
944 1236 1046 1276 nos
1089 1236 1201 1276 non
1245 1218 1594 1291 angelorum,
1650 1217 1748 1276 sed
1792 1216 2179 1276 demoniorum
2224 1215 2614 1289 affirmamus.
2707 1216 2911 1273 Alium

669 1324 803 1364 vero
847 1306 933 1365 ita
977 1306 1249 1365 luaeuriae
1293 1306 1544 1365 deditum
1602 1306 1689 1364 in
1711 1311 1735 1365 t
1754 1306 1778 1363 i
1799 1325 1857 1364 m
1880 1326 1917 1365 a
1940 1306 2091 1375 sti,
2152 1310 2219 1364 ut
2274 1306 2637 1364 concubinam
2681 1304 2915 1363 liaberet

671 1399 726 1453 et
767 1395 909 1454 duos
953 1414 1027 1453 eoe
1071 1414 1138 1454 ea
1181 1394 1336 1466 filios
1369 1400 1713 1469 procrearet
1752 1400 1807 1453 et
1863 1400 2049 1453 tamen
2092 1394 2471 1453 sacerdotium
2516 1394 2741 1453 sibimet
2780 1412 2907 1451 ven-

670 1483 800 1543 dica
823 1504 858 1542 r
879 1503 909 1542 e
933 1489 984 1553 t,
1048 1484 1379 1557 affirmans,
1441 1484 1542 1543 hoc
1602 1484 1816 1543 iustum
1874 1502 1990 1543 esse
2048 1484 2217 1542 iuxta
2278 1483 2639 1542 traditionem
2700 1482 2911 1541 veteris
2950 1498 3001 1537 10

673 1574 1005 1642 testamenti,
1067 1578 1134 1631 ut
1189 1573 1445 1644 defuncti
1491 1573 1709 1645 fratris
1752 1577 2037 1647 superstes
2083 1575 2276 1644 frater
2320 1572 2495 1631 ducat
2535 1590 2795 1640 uxorem,
2858 1576 2913 1629 et

670 1662 809 1735 quia
857 1660 1120 1721 Christus
1177 1680 1477 1735 resuryens
1544 1662 1617 1720 ab
1681 1662 1898 1734 inferis
1962 1662 2185 1720 nullum
2252 1662 2334 1719 ibi
2399 1661 2741 1735 reliquisset,
2812 1660 2910 1719 sed

670 1769 858 1811 omnes
900 1751 1032 1809 inde
1077 1751 1470 1810 abstraxisset.
1556 1751 1715 1828 Quae
1761 1750 1952 1810 omnia
1987 1750 2342 1809 detestabilia
2386 1755 2441 1809 et
2482 1751 2715 1809 scelesta
2760 1750 2888 1807 iudi
2891 1786 2906 1793 -

669 1858 880 1898 camus.
959 1842 1117 1899 Bene
1162 1859 1200 1899 a
1222 1859 1261 1898 u
1286 1845 1357 1898 te
1379 1859 1437 1898 m
1484 1844 1583 1898 tua
1627 1845 1825 1899 sancta
1871 1840 2216 1911 fraternitas
2259 1839 2429 1898 iuoeta
2470 1838 2907 1920 ecclesiasticam

669 1930 926 2002 reyulam
985 1946 1076 1987 eos
1129 1929 1428 1987 damnavit
1483 1934 1539 1987 et
1594 1929 1657 1987 in
1702 1928 2015 1987 custodiam
2058 1928 2219 1987 misit
2262 1928 2467 2003 optime
2490 1947 2525 2002 q
2548 1946 2589 1985 u
2610 1947 2641 1985 e
2684 1928 2887 1985 vocavi
2890 1932 2912 1984 t
2946 1941 2999 1980 ιο

671 2017 994 2076 antichristi
1038 2018 1331 2076 ministros
1375 2022 1430 2075 et
1459 2035 1852 2092 precursores.

881 2107 976 2164 De
1033 2111 1211 2165 cetero
1269 2106 1510 2175 decerta,
1580 2107 1905 2177 karissime,
1966 2111 2021 2164 et
2073 2105 2326 2164 viriliter
2383 2124 2485 2178 aye
2543 2110 2597 2163 et
2650 2104 2909 2180 perviqu

657 2214 937 2269 permane
979 2196 1044 2253 in
1086 2195 1403 2254 ministerio
1452 2193 1689 2265 Christi,
1749 2200 1817 2254 ut
1873 2195 2123 2269 amplius
2177 2199 2484 2253 sanctae
2542 2194 2908 2271 ecclesiae

667 2303 813 2357 yreoe
868 2289 1146 2358 auyeatur
1189 2289 1243 2343 et
1300 2284 1448 2343 tibia
1490 2285 1785 2358 premium
1844 2289 2105 2343 aeternae
2161 2283 2553 2342 retributionis
2608 2302 2638 2341 c
2651 2303 2685 2342 r
2700 2302 2730 2341 e
2745 2301 2775 2341 s
2789 2301 2818 2341 c
2832 2287 2909 2341 at

669 2390 971 2447 copiosum.
2944 2385 2997 2424 ιο

424 2585 646 2632 Emeum.
779 2557 974 2641 (11).b
1052 2562 1863 2628 REVERENTISSIM01
1921 2567 2261 2627 FRATRI
2309 2566 2786 2628 BONIFAGIO

983 2656 1470 2717 ZAGHARIAS
1511 2656 1677 2717 SER
1687 2656 1842 2717 VUS
1883 2655 2047 2716 SER
2058 2657 2223 2716 VOR
2232 2656 2361 2717 ΠΜ
2397 2657 2574 2716 DEI.

881 2781 1261 2857 Suscipientes
1293 2788 1505 2842 sancta
1520 2802 1549 2841 e
1596 2782 1989 2855 fraternitatis
2033 2787 2163 2841 tuae
2201 2782 2401 2841 literas
2435 2799 2549 2856 per
2582 2786 2905 2855 presentem

664 2873 925 2944 yerulum
969 2878 1024 2930 et
1064 2874 1364 2945 releyentes
1407 2891 1552 2947 quae
1608 2872 1671 2929 in
1724 2872 1805 2929 eis
1863 2871 2306 2940 continebantur,
2365 2871 2429 2929 in
2485 2869 2709 2929 emtasi⁰
2766 2888 2903 2944 qua-

667 2961 801 3019 dam
860 2961 1166 3020 incidimus
1224 2966 1279 3019 et
1329 2962 1729 3020 ammiratione
1773 2979 2000 3033 mayna,
2063 2978 2125 3018 eo
2184 2960 2334 3034 quod
2389 2959 2563 3018 nimis
2606 2958 2906 3017 dissonare
2941 2971 2998 3010 25

664 3050 1085 3108 videntur
1129 3052 1200 3109 ab
1247 3051 1330 3109 eis
1375 3050 1724 3118 literis,
1788 3067 1932 3124 quae
1991 3068 2028 3108 a
2074 3054 2173 3108 tua
2218 3049 2466 3107 directae
2510 3052 2643 3107 sunt
2685 3049 2901 3118 frater-

666 3139 842 3198 nitate
874 3158 989 3213 per
1033 3139 1288 3213 elapsum
1330 3140 1651 3213 Auyustum
1712 3156 1972 3208 mensem,
2033 3138 2131 3196 ubi
2188 3138 2347 3197 nobis
2404 3137 2691 3206 indicasti,
2752 3137 2905 3211 quod

666 3228 990 3297 concilium,
1061 3228 1367 3287 adiuvante
1434 3229 1560 3287 Deo
1637 3232 1692 3286 et
1754 3226 2155 3287 Karlomanno
2222 3244 2547 3286 consensum
2610 3227 2899 3300 prebente,

667 3319 887 3388 factum
931 3322 1030 3386 est,
1093 3323 1148 3376 et
1188 3317 1436 3391 qualiter
1496 3318 1681 3388 falsos
1724 3317 2059 3385 sacerdotes,
2120 3316 2220 3390 qui
2278 3316 2536 3374 divinum
2579 3333 2693 3372 non
2736 3319 2906 3373 erant

665 3407 823 3480 diqni
867 3397 1210 3466 attrectare(¹
1247 3406 1650 3475 ministerium,
1698 3424 1736 3465 a
1779 3423 1946 3465 sacro
1990 3423 2219 3463 munere
2262 3404 2624 3479 suspendisti,
2673 3408 2729 3461 et
2761 3405 2903 3477 quia
2940 3418 2995 3457 ³0

665 3500 781 3555 tres
826 3497 1276 3570 archiepiscopos
1309 3514 1424 3570 per
1467 3496 1723 3569 sinqulas
1751 3493 2147 3568 metropolim⁰
2190 3493 2532 3562 ordinasses,
2579 3493 2899 3559 reserasti,

663 3585 726 3642 id
771 3574 892 3643 estf
958 3585 1288 3644 Grimonem
1353 3585 1418 3643 in
1485 3585 1712 3643 civitate
1786 3602 1929 3658 quae
1986 3583 2199 3641 dicitur
2242 3583 2526 3651 Rodoma,
2595 3581 2903 3640 secundum

661 3674 838 3732 veroa
891 3674 954 3732 in
999 3674 1224 3733 civitate
1268 3692 1412 3749 quae
1457 3674 1672 3732 dicitur
1706 3671 2087 3741 Remoramss,
2137 3672 2366 3730 tertium
2410 3671 2791 3730 Hartbertum
2837 3670 2901 3727 in

663 3763 890 3821 civitate
933 3782 1078 3837 quae
1135 3763 1349 3822 dicitur
1395 3761 1617 3831 SenniS,
1678 3762 1779 3836 qui
1836 3766 1892 3820 et
1947 3761 2104 3835 apud
2159 3778 2261 3819 nos
2306 3760 2429 3831 fuit
2470 3764 2526 3817 et
2580 3764 2681 3818 tua
2738 3759 2903 3817 nobis

652 3852 886 3927 pariter
931 3857 985 3910 et
1027 3852 1097 3909 K
1092 3851 1418 3911 arlomanni
1477 3856 1643 3926 atque
1688 3838 1973 3925 Pippinih
2027 3850 2231 3908 detulit
2285 3849 2521 3923 scripta,
2581 3867 2696 3923 per
2753 3866 2901 3921 quae
2938 3861 2991 3901 35

662 3941 1042 4015 suyyessistis,
1119 3946 1185 3999 ut
1257 3941 1377 3999 tria
1439 3940 1637 4015 pallia
1711 3940 1894 3998 tribus
1954 3938 2375 4014 prenominatis
2446 3936 2901 4011 metropolitanis

875 4127 977 4167 VII.
1035 4126 1169 4175 Capp.
1198 4127 1263 4169 10.
1291 4126 1358 4165 11.
1423 4126 1464 4165 1.
1495 4126 1534 4165 3.

663 4218 706 4268 a)
744 4228 827 4257 om.
867 4218 907 4256 8.
1044 4216 1089 4265 1))
1131 4226 1167 4254 c.
1197 4215 1263 4254 11.
1294 4215 1448 4253 habent
1477 4216 1513 4255 1.
1546 4214 1586 4261 3,
1617 4224 1701 4253 om,
1732 4214 1827 4255 rell.
1962 4213 2064 4263 ce)
2040 4214 2217 4252 extasin
2246 4222 2335 4260 qua
2306 4212 2470 4251 andam
2503 4210 2588 4251 ine.
2622 4216 2669 4249 et
2704 4207 2897 4249 admira·

663 4272 830 4310 tionem
857 4280 1066 4319 magnam
1094 4270 1134 4309 8.
1271 4268 1317 4316 d)
1358 4272 1605 4307 attractare
1634 4268 1672 4307 1.
1812 4266 1853 4317 e)
1889 4277 1960 4306 me
1936 4271 2032 4306 erot
1982 4277 2093 4315 roop
2066 4266 2205 4305 olium
2233 4266 2272 4308 8.
2406 4264 2503 4315 1)r
2554 4262 2669 4306 ,eid
2644 4274 2714 4303 em
2744 4263 2822 4304 Gr.
2852 4263 2892 4301 8.

663 4326 705 4373 g)
735 4325 798 4362 ita
827 4326 866 4363 1.
897 4324 921 4362 3
948 4334 1044 4361 cum
1074 4323 1167 4365 cod.
1195 4323 1317 4370 epist.
1349 4322 1576 4363 Carlsruh.
1686 4320 1731 4368 h)
1758 4321 1891 4369 Pipin
1862 4320 1911 4358 ni
1936 4321 1975 4361 8.
2932 4336 2985 4374 40

664 4486 717 4552 ι)
750 4483 911 4549 Jaffe
940 4501 994 4539 n.
1020 4486 1090 4539 49
1127 4490 1204 4550 (p.
1247 4486 1376 4547 134)
1389 4499 1415 4546 ,·
1452 4482 1736 4534 Dammzer
1771 4498 1826 4536 n.
1852 4483 1923 4537 58
1958 4486 2036 4548 (p.
2070 4481 2219 4546 315).
