<?xml version="1.0" encoding="UTF-8"?>
<!DOCTYPE html PUBLIC "-//W3C//DTD XHTML 1.0 Transitional//EN"
    "http://www.w3.org/TR/xhtml1/DTD/xhtml1-transitional.dtd">
<html xmlns="http://www.w3.org/1999/xhtml" xml:lang="en" lang="en">
 <head>
  <title>
</title>
<meta http-equiv="Content-Type" content="text/html;charset=utf-8" />
  <meta name='ocr-system' content='tesseract 3.04.00' />
  <meta name='ocr-capabilities' content='ocr_page ocr_carea ocr_par ocr_line ocrx_word'/>
</head>
<body>
  <div class='ocr_page' id='page_1' title='image "./vitaesanctiboni00mogugoog_0024.png"; bbox 0 0 3167 5192; ppageno 0'>
   <div class='ocr_carea' id='block_1_1' title="bbox 1143 521 2496 590">
    <p class='ocr_par' dir='ltr' id='par_1_1' title="bbox 1143 521 2496 590">
     <span class='ocr_line' id='line_1_1' title="bbox 1143 521 2496 590; baseline 0.012 -16"><span class='ocrx_word' id='word_1_1' title='bbox 1143 521 1605 582; x_wconf 82' lang='lat' dir='ltr'><strong>PRAEFATIO.</strong></span> <span class='ocrx_word' id='word_1_2' title='bbox 2319 533 2496 590; x_wconf 88' lang='lat' dir='ltr'><strong>XVII</strong></span> 
     </span>
    </p>
   </div>
   <div class='ocr_carea' id='block_1_2' title="bbox 22 701 2495 1048">
    <p class='ocr_par' dir='ltr' id='par_1_2' title="bbox 249 701 2495 793">
     <span class='ocr_line' id='line_1_2' title="bbox 249 701 2495 793; baseline 0.007 -27"><span class='ocrx_word' id='word_1_3' title='bbox 249 703 582 784; x_wconf 76' lang='lat' dir='ltr'><strong><em>eodemque</em></strong></span> <span class='ocrx_word' id='word_1_4' title='bbox 633 701 970 790; x_wconf 86' lang='lat' dir='ltr'><strong><em>enuntiato</em></strong></span> <span class='ocrx_word' id='word_1_5' title='bbox 1013 709 1349 786; x_wconf 77' lang='lat' dir='ltr'><strong><em>utrumque</em></strong></span> <span class='ocrx_word' id='word_1_6' title='bbox 1405 705 1659 771; x_wconf 79' lang='lat' dir='ltr'><strong><em>modmn</em></strong></span> <span class='ocrx_word' id='word_1_7' title='bbox 1715 708 2013 776; x_wconf 82' lang='lat' dir='ltr'><strong><em>adhibuit</em></strong></span> <span class='ocrx_word' id='word_1_8' title='bbox 2023 733 2050 793; x_wconf 89' lang='lat'><strong><em>,·</em></strong></span> <span class='ocrx_word' id='word_1_9' title='bbox 2109 713 2301 779; x_wconf 88' lang='lat' dir='ltr'><strong><em>etiam</em></strong></span> <span class='ocrx_word' id='word_1_10' title='bbox 2359 736 2495 782; x_wconf 91' lang='lat' dir='ltr'><strong><em>con·</em></strong></span> 
     </span>
    </p>

    <p class='ocr_par' dir='ltr' id='par_1_3' title="bbox 22 789 2495 1048">
     <span class='ocr_line' id='line_1_3' title="bbox 248 789 2493 882; baseline 0.006 -27"><span class='ocrx_word' id='word_1_11' title='bbox 248 790 602 856; x_wconf 84' lang='lat' dir='ltr'><strong><em>iunctivum</em></strong></span> <span class='ocrx_word' id='word_1_12' title='bbox 635 811 764 872; x_wconf 78' lang='lat' dir='ltr'><strong><em>pro</em></strong></span> <span class='ocrx_word' id='word_1_13' title='bbox 807 789 1156 856; x_wconf 85' lang='lat' dir='ltr'><strong><em>indicativo</em></strong></span> <span class='ocrx_word' id='word_1_14' title='bbox 1213 791 1534 858; x_wconf 77' lang='lat' dir='ltr'><strong><em>substituit</em></strong></span> <span class='ocrx_word' id='word_1_15' title='bbox 1550 793 1593 876; x_wconf 99' lang='grc'><strong><em>1,</em></strong></span> <span class='ocrx_word' id='word_1_16' title='bbox 1650 802 1725 861; x_wconf 91' lang='lat' dir='ltr'><strong><em>ut</em></strong></span> <span class='ocrx_word' id='word_1_17' title='bbox 1779 797 1921 863; x_wconf 84' lang='lat' dir='ltr'><strong><em>alia</em></strong></span> <span class='ocrx_word' id='word_1_18' title='bbox 1963 802 2493 882; x_wconf 74' lang='lat' dir='ltr'><strong><em>praetermittam.</em></strong></span> 
     </span>
     <span class='ocr_line' id='line_1_4' title="bbox 22 877 2495 976; baseline 0.006 -35"><span class='ocrx_word' id='word_1_19' title='bbox 22 877 25 976; x_wconf 65' lang='lat' dir='ltr'><strong>j</strong></span> <span class='ocrx_word' id='word_1_20' title='bbox 250 879 340 944; x_wconf 88' lang='lat' dir='ltr'><strong><em>Id</em></strong></span> <span class='ocrx_word' id='word_1_21' title='bbox 393 880 598 944; x_wconf 82' lang='lat' dir='ltr'><strong><em>solum</em></strong></span> <span class='ocrx_word' id='word_1_22' title='bbox 656 881 890 945; x_wconf 79' lang='lat' dir='ltr'><strong><em>addere</em></strong></span> <span class='ocrx_word' id='word_1_23' title='bbox 947 879 1111 960; x_wconf 85' lang='lat' dir='ltr'><strong><em>libet,</em></strong></span> <span class='ocrx_word' id='word_1_24' title='bbox 1171 883 1341 961; x_wconf 79' lang='lat' dir='ltr'><strong><em>quod</em></strong></span> <span class='ocrx_word' id='word_1_25' title='bbox 1393 881 1468 946; x_wconf 85' lang='lat' dir='ltr'><strong><em>in</em></strong></span> <span class='ocrx_word' id='word_1_26' title='bbox 1527 883 1843 950; x_wconf 78' lang='lat' dir='ltr'><strong><em>codicibus</em></strong></span> <span class='ocrx_word' id='word_1_27' title='bbox 1888 887 2071 954; x_wconf 87' lang='lat' dir='ltr'><strong><em>Vitae</em></strong></span> <span class='ocrx_word' id='word_1_28' title='bbox 2122 890 2301 956; x_wconf 88' lang='lat' dir='ltr'><strong><em>haud</em></strong></span> <span class='ocrx_word' id='word_1_29' title='bbox 2340 913 2495 957; x_wconf 87' lang='lat' dir='ltr'><strong><em>raro</em></strong></span> 
     </span>
     <span class='ocr_line' id='line_1_5' title="bbox 22 967 2052 1048; baseline 0.005 -18"><span class='ocrx_word' id='word_1_30' title='bbox 22 985 25 1012; x_wconf 49' lang='grc' dir='ltr'><em>Ξ</em></span> <span class='ocrx_word' id='word_1_31' title='bbox 252 971 324 1032; x_wconf 72' lang='lat' dir='ltr'><strong><em>et</em></strong></span> <span class='ocrx_word' id='word_1_32' title='bbox 369 967 652 1034; x_wconf 88' lang='lat' dir='ltr'><strong><em>occurrit</em></strong></span> <span class='ocrx_word' id='word_1_33' title='bbox 681 988 809 1048; x_wconf 79' lang='lat' dir='ltr'><strong><em>pro</em></strong></span> <span class='ocrx_word' id='word_1_34' title='bbox 855 971 937 1031; x_wconf 71' lang='lat' dir='ltr'><strong><em>ut</em></strong></span> <span class='ocrx_word' id='word_1_35' title='bbox 955 969 999 1045; x_wconf 79' lang='lat'><strong><em>²,</em></strong></span> <span class='ocrx_word' id='word_1_36' title='bbox 1045 969 1216 1048; x_wconf 76' lang='lat' dir='ltr'><strong><em>quod</em></strong></span> <span class='ocrx_word' id='word_1_37' title='bbox 1257 969 1470 1035; x_wconf 82' lang='lat' dir='ltr'><strong><em>tollere</em></strong></span> <span class='ocrx_word' id='word_1_38' title='bbox 1515 971 1696 1037; x_wconf 80' lang='lat' dir='ltr'><strong><em>nolui</em></strong></span> <span class='ocrx_word' id='word_1_39' title='bbox 1738 975 2052 1040; x_wconf 87' lang='lat' dir='ltr'><strong><em>mendum.</em></strong></span> 
     </span>
    </p>
   </div>
   <div class='ocr_carea' id='block_1_3' title="bbox 21 1053 2498 2472">
    <p class='ocr_par' dir='ltr' id='par_1_4' title="bbox 192 1053 2498 1316">
     <span class='ocr_line' id='line_1_6' title="bbox 192 1053 2496 1149; baseline 0.007 -31"><span class='ocrx_word' id='word_1_40' title='bbox 192 1079 217 1118; x_wconf 69' lang='grc' dir='ltr'><strong>ο</strong></span> <span class='ocrx_word' id='word_1_41' title='bbox 483 1055 635 1122; x_wconf 91' lang='lat' dir='ltr'><strong><em>Vita</em></strong></span> <span class='ocrx_word' id='word_1_42' title='bbox 664 1053 1002 1135; x_wconf 78' lang='lat' dir='ltr'><strong><em>Bonifatii</em></strong></span> <span class='ocrx_word' id='word_1_43' title='bbox 1042 1056 1250 1130; x_wconf 76' lang='lat' dir='ltr'><strong><em>,medio</em></strong></span> <span class='ocrx_word' id='word_1_44' title='bbox 1295 1079 1447 1123; x_wconf 83' lang='lat' dir='ltr'><strong><em>aevo</em></strong></span> <span class='ocrx_word' id='word_1_45' title='bbox 1483 1062 1821 1140; x_wconf 79' lang='lat' dir='ltr'><strong><em>permultis</em></strong></span> <span class='ocrx_word' id='word_1_46' title='bbox 1858 1071 2012 1130; x_wconf 88' lang='lat' dir='ltr'><strong><em>nota</em></strong></span> <span class='ocrx_word' id='word_1_47' title='bbox 2040 1073 2196 1148; x_wconf 87' lang='lat' dir='ltr'><strong><em>erat,</em></strong></span> <span class='ocrx_word' id='word_1_48' title='bbox 2229 1088 2496 1149; x_wconf 77' lang='lat' dir='ltr'><strong><em>quorum</em></strong></span> 
     </span>
     <span class='ocr_line' id='line_1_7' title="bbox 251 1143 2498 1316; baseline 0.007 -20"><span class='ocrx_word' id='word_1_49' title='bbox 251 1143 853 1299; x_wconf 44' lang='lat'><strong><em>‘323‘2221&#39;21-5233532</em></strong></span> <span class='ocrx_word' id='word_1_50' title='bbox 898 1143 1496 1316; x_wconf 39' lang='grc' dir='ltr'><strong><em>Ξάῗιῗῖἶῗέῗᾶιιῗῗε</em></strong></span> <span class='ocrx_word' id='word_1_51' title='bbox 1527 1148 1783 1304; x_wconf 49' lang='lat' dir='ltr'><strong><em>itti.</em></strong></span> <span class='ocrx_word' id='word_1_52' title='bbox 1800 1151 2498 1311; x_wconf 56' lang='lat' dir='ltr'><strong><em>5⁰⁶⁰⁸E252132²ss³“3{2·²‘23</em></strong></span> 
     </span>
    </p>

    <p class='ocr_par' dir='ltr' id='par_1_5' title="bbox 1110 1267 2472 1311">
     <span class='ocr_line' id='line_1_8' title="bbox 1110 1267 2472 1311; baseline 0.006 -9"><span class='ocrx_word' id='word_1_53' title='bbox 1110 1300 1112 1302; x_wconf 77' lang='grc'>,</span> <span class='ocrx_word' id='word_1_54' title='bbox 1830 1287 1846 1302; x_wconf 93' lang='grc'><strong><em>.</em></strong></span> <span class='ocrx_word' id='word_1_55' title='bbox 2377 1267 2405 1309; x_wconf 81' lang='lat' dir='ltr'><strong><em>i</em></strong></span> <span class='ocrx_word' id='word_1_56' title='bbox 2444 1267 2472 1311; x_wconf 81' lang='lat' dir='ltr'><strong><em>i</em></strong></span> 
     </span>
    </p>

    <p class='ocr_par' dir='ltr' id='par_1_6' title="bbox 252 1267 2498 1498">
     <span class='ocr_line' id='line_1_9' title="bbox 252 1267 2498 1416; baseline 0.006 -30"><span class='ocrx_word' id='word_1_57' title='bbox 252 1327 473 1386; x_wconf 86' lang='lat' dir='ltr'><strong><em>auctor</em></strong></span> <span class='ocrx_word' id='word_1_58' title='bbox 531 1320 716 1387; x_wconf 87' lang='lat' dir='ltr'><strong><em>Vitae</em></strong></span> <span class='ocrx_word' id='word_1_59' title='bbox 775 1319 1023 1386; x_wconf 83' lang='lat' dir='ltr'><strong><em>Sturmi</em></strong></span> <span class='ocrx_word' id='word_1_60' title='bbox 1079 1321 1318 1404; x_wconf 74' lang='lat' dir='ltr'><strong><em>leyerat</em></strong></span> <span class='ocrx_word' id='word_1_61' title='bbox 1329 1324 1374 1404; x_wconf 76' lang='lat'><strong><em>⁴,</em></strong></span> <span class='ocrx_word' id='word_1_62' title='bbox 1434 1323 1801 1408; x_wconf 73' lang='lat' dir='ltr'><strong><em>Diudyerus</em></strong></span> <span class='ocrx_word' id='word_1_63' title='bbox 1854 1327 1933 1394; x_wconf 92' lang='lat' dir='ltr'><strong><em>in</em></strong></span> <span class='ocrx_word' id='word_1_64' title='bbox 1992 1330 2138 1396; x_wconf 91' lang='lat' dir='ltr'><strong><em>Vita</em></strong></span> <span class='ocrx_word' id='word_1_65' title='bbox 2195 1267 2498 1416; x_wconf 54' lang='lat' dir='ltr'><strong><em>Greyogii</em></strong></span> 
     </span>
     <span class='ocr_line' id='line_1_10' title="bbox 255 1407 2493 1498; baseline 0.005 -23"><span class='ocrx_word' id='word_1_66' title='bbox 255 1407 336 1490; x_wconf 91' lang='lat' dir='ltr'><strong><em>(c.</em></strong></span> <span class='ocrx_word' id='word_1_67' title='bbox 371 1411 448 1493; x_wconf 85' lang='lat'><strong><em>4)</em></strong></span> <span class='ocrx_word' id='word_1_68' title='bbox 483 1409 704 1475; x_wconf 82' lang='lat' dir='ltr'><strong><em>citavit</em></strong></span> <span class='ocrx_word' id='word_1_69' title='bbox 719 1409 763 1491; x_wconf 88' lang='lat'><strong><em>⁵,</em></strong></span> <span class='ocrx_word' id='word_1_70' title='bbox 796 1416 1083 1475; x_wconf 78' lang='lat' dir='ltr'><strong><em>auctores</em></strong></span> <span class='ocrx_word' id='word_1_71' title='bbox 1123 1409 1436 1477; x_wconf 76' lang='lat' dir='ltr'><strong><em>Chronici</em></strong></span> <span class='ocrx_word' id='word_1_72' title='bbox 1464 1413 1920 1482; x_wconf 86' lang='lat' dir='ltr'><strong><em>Laurissensis</em></strong></span> <span class='ocrx_word' id='word_1_73' title='bbox 1950 1415 2162 1498; x_wconf 85' lang='lat' dir='ltr'><strong><em>(Anu.</em></strong></span> <span class='ocrx_word' id='word_1_74' title='bbox 2195 1421 2493 1487; x_wconf 87' lang='lat' dir='ltr'><strong><em>Lauriss.</em></strong></span> 
     </span>
    </p>

    <p class='ocr_par' dir='ltr' id='par_1_7' title="bbox 169 1495 2490 1592">
     <span class='ocr_line' id='line_1_11' title="bbox 169 1495 2490 1592; baseline 0.007 -33"><span class='ocrx_word' id='word_1_75' title='bbox 169 1521 218 1559; x_wconf 72' lang='grc' dir='ltr'><strong><em>ιο</em></strong></span> <span class='ocrx_word' id='word_1_76' title='bbox 251 1497 444 1579; x_wconf 84' lang='lat' dir='ltr'><strong><em>min.)</em></strong></span> <span class='ocrx_word' id='word_1_77' title='bbox 465 1499 492 1536; x_wconf 78' lang='lat'><strong>⁶</strong></span> <span class='ocrx_word' id='word_1_78' title='bbox 535 1504 594 1562; x_wconf 94' lang='lat' dir='ltr'><strong><em>et</em></strong></span> <span class='ocrx_word' id='word_1_79' title='bbox 622 1497 842 1580; x_wconf 78' lang='lat' dir='ltr'><strong><em>partis</em></strong></span> <span class='ocrx_word' id='word_1_80' title='bbox 874 1497 1132 1579; x_wconf 75' lang='lat' dir='ltr'><strong><em>primae</em></strong></span> <span class='ocrx_word' id='word_1_81' title='bbox 1159 1495 1522 1565; x_wconf 80' lang='lat' dir='ltr'><strong><em>Annalium</em></strong></span> <span class='ocrx_word' id='word_1_82' title='bbox 1550 1501 1975 1569; x_wconf 81' lang='lat' dir='ltr'><strong><em>Fuldensium</em></strong></span> <span class='ocrx_word' id='word_1_83' title='bbox 1998 1507 2020 1546; x_wconf 85' lang='lat'>⁷</span> <span class='ocrx_word' id='word_1_84' title='bbox 2048 1508 2490 1592; x_wconf 87' lang='lat' dir='ltr'><strong><em>adhibuerunt,</em></strong></span> 
     </span>
    </p>

    <p class='ocr_par' dir='ltr' id='par_1_8' title="bbox 21 1585 2493 1673">
     <span class='ocr_line' id='line_1_12' title="bbox 21 1585 2493 1673; baseline 0.006 -24"><span class='ocrx_word' id='word_1_85' title='bbox 21 1625 30 1666; x_wconf 68' lang='lat'>‚</span> <span class='ocrx_word' id='word_1_86' title='bbox 255 1585 642 1669; x_wconf 77' lang='lat' dir='ltr'><strong><em>bioyraplms</em></strong></span> <span class='ocrx_word' id='word_1_87' title='bbox 707 1585 1027 1652; x_wconf 66' lang='lat' dir='ltr'><strong><em>Pii-minii</em></strong></span> <span class='ocrx_word' id='word_1_88' title='bbox 1077 1587 1342 1670; x_wconf 84' lang='lat' dir='ltr'><strong><em>primus</em></strong></span> <span class='ocrx_word' id='word_1_89' title='bbox 1411 1587 1494 1670; x_wconf 91' lang='lat' dir='ltr'><strong><em>(c.</em></strong></span> <span class='ocrx_word' id='word_1_90' title='bbox 1561 1597 1619 1654; x_wconf 86' lang='lat'><strong><em>9.</em></strong></span> <span class='ocrx_word' id='word_1_91' title='bbox 1687 1591 1802 1673; x_wconf 85' lang='grc'><strong><em>10)</em></strong></span> <span class='ocrx_word' id='word_1_92' title='bbox 1823 1593 1849 1632; x_wconf 78' lang='grc'>8</span> <span class='ocrx_word' id='word_1_93' title='bbox 1915 1601 1975 1658; x_wconf 88' lang='lat' dir='ltr'><strong><em>et</em></strong></span> <span class='ocrx_word' id='word_1_94' title='bbox 2046 1596 2449 1663; x_wconf 90' lang='lat' dir='ltr'><strong><em>Hincmarus</em></strong></span> <span class='ocrx_word' id='word_1_95' title='bbox 2466 1601 2493 1638; x_wconf 79' lang='lat'>⁹</span> 
     </span>
    </p>

    <p class='ocr_par' dir='ltr' id='par_1_9' title="bbox 22 1671 2491 1935">
     <span class='ocr_line' id='line_1_13' title="bbox 22 1671 2491 1758; baseline 0.006 -21"><span class='ocrx_word' id='word_1_96' title='bbox 22 1671 26 1708; x_wconf 80' lang='lat'>&#39;</span> <span class='ocrx_word' id='word_1_97' title='bbox 253 1695 436 1740; x_wconf 89' lang='lat' dir='ltr'><strong><em>nosse</em></strong></span> <span class='ocrx_word' id='word_1_98' title='bbox 478 1674 794 1740; x_wconf 80' lang='lat' dir='ltr'><strong><em>videntur.</em></strong></span> <span class='ocrx_word' id='word_1_99' title='bbox 885 1673 1211 1755; x_wconf 78' lang='lat' dir='ltr'><strong><em>Rudolfus</em></strong></span> <span class='ocrx_word' id='word_1_100' title='bbox 1255 1697 1437 1758; x_wconf 75' lang='lat' dir='ltr'><strong><em>opere</em></strong></span> <span class='ocrx_word' id='word_1_101' title='bbox 1491 1677 1855 1746; x_wconf 84' lang='lat' dir='ltr'><strong><em>Willibaldi</em></strong></span> <span class='ocrx_word' id='word_1_102' title='bbox 1910 1681 1985 1748; x_wconf 91' lang='lat' dir='ltr'><strong><em>in</em></strong></span> <span class='ocrx_word' id='word_1_103' title='bbox 2043 1683 2193 1750; x_wconf 88' lang='lat' dir='ltr'><strong><em>Vita</em></strong></span> <span class='ocrx_word' id='word_1_104' title='bbox 2242 1685 2491 1752; x_wconf 88' lang='lat' dir='ltr'><strong><em>Leobae</em></strong></span> 
     </span>
     <span class='ocr_line' id='line_1_14' title="bbox 255 1762 2491 1848; baseline 0.006 -21"><span class='ocrx_word' id='word_1_105' title='bbox 255 1762 338 1843; x_wconf 91' lang='lat' dir='ltr'><strong><em>(c.</em></strong></span> <span class='ocrx_word' id='word_1_106' title='bbox 379 1764 493 1846; x_wconf 89' lang='lat'><strong><em>17)</em></strong></span> <span class='ocrx_word' id='word_1_107' title='bbox 513 1763 584 1842; x_wconf 82' lang='lat'><strong><em>1⁰,</em></strong></span> <span class='ocrx_word' id='word_1_108' title='bbox 629 1764 992 1829; x_wconf 87' lang='lat' dir='ltr'><strong><em>Hrabanus</em></strong></span> <span class='ocrx_word' id='word_1_109' title='bbox 1006 1763 1060 1804; x_wconf 88' lang='grc'><strong><em>11</em></strong></span> <span class='ocrx_word' id='word_1_110' title='bbox 1104 1770 1164 1829; x_wconf 94' lang='lat' dir='ltr'><strong><em>et</em></strong></span> <span class='ocrx_word' id='word_1_111' title='bbox 1201 1765 1420 1831; x_wconf 76' lang='lat' dir='ltr'><strong><em>Ado¹²</em></strong></span> <span class='ocrx_word' id='word_1_112' title='bbox 1463 1773 1521 1831; x_wconf 91' lang='lat' dir='ltr'><strong><em>et</em></strong></span> <span class='ocrx_word' id='word_1_113' title='bbox 1554 1767 1989 1848; x_wconf 84' lang='lat' dir='ltr'><strong><em>Wolfhardus</em></strong></span> <span class='ocrx_word' id='word_1_114' title='bbox 2029 1772 2491 1840; x_wconf 79' lang='lat' dir='ltr'><strong><em>Haserensis13</em></strong></span> 
     </span>
     <span class='ocr_line' id='line_1_15' title="bbox 253 1849 2288 1935; baseline 0.005 -20"><span class='ocrx_word' id='word_1_115' title='bbox 253 1851 326 1917; x_wconf 88' lang='lat' dir='ltr'><strong><em>in</em></strong></span> <span class='ocrx_word' id='word_1_116' title='bbox 371 1851 870 1934; x_wconf 73' lang='lat' dir='ltr'><strong><em>Martyroloyiis</em></strong></span> <span class='ocrx_word' id='word_1_117' title='bbox 916 1849 1096 1932; x_wconf 89' lang='lat' dir='ltr'><strong><em>(Iun.</em></strong></span> <span class='ocrx_word' id='word_1_118' title='bbox 1136 1850 1204 1935; x_wconf 88' lang='lat'><strong><em>5)</em></strong></span> <span class='ocrx_word' id='word_1_119' title='bbox 1251 1853 1358 1918; x_wconf 87' lang='lat' dir='ltr'><strong><em>usi</em></strong></span> <span class='ocrx_word' id='word_1_120' title='bbox 1401 1861 1566 1920; x_wconf 88' lang='lat' dir='ltr'><strong><em>sunt.</em></strong></span> <span class='ocrx_word' id='word_1_121' title='bbox 1661 1856 2051 1924; x_wconf 86' lang='lat' dir='ltr'><strong><em>Posteriores</em></strong></span> <span class='ocrx_word' id='word_1_122' title='bbox 2091 1860 2288 1926; x_wconf 87' lang='lat' dir='ltr'><strong><em>mitto.</em></strong></span> 
     </span>
    </p>

    <p class='ocr_par' dir='ltr' id='par_1_10' title="bbox 171 1939 2359 2020">
     <span class='ocr_line' id='line_1_16' title="bbox 171 1939 2359 2020; baseline 0.007 -20"><span class='ocrx_word' id='word_1_123' title='bbox 171 1962 219 2001; x_wconf 83' lang='lat'><strong><em>15</em></strong></span> <span class='ocrx_word' id='word_1_124' title='bbox 482 1940 696 2006; x_wconf 85' lang='lat' dir='ltr'><strong><em>Vitam</em></strong></span> <span class='ocrx_word' id='word_1_125' title='bbox 740 1939 1076 2020; x_wconf 78' lang='lat' dir='ltr'><strong><em>Bonifatii</em></strong></span> <span class='ocrx_word' id='word_1_126' title='bbox 1121 1941 1362 2008; x_wconf 89' lang='lat' dir='ltr'><strong><em>codices</em></strong></span> <span class='ocrx_word' id='word_1_127' title='bbox 1403 1943 1566 2008; x_wconf 87' lang='lat' dir='ltr'><strong><em>satis</em></strong></span> <span class='ocrx_word' id='word_1_128' title='bbox 1610 1945 1795 2010; x_wconf 83' lang='lat' dir='ltr'><strong><em>multi</em></strong></span> <span class='ocrx_word' id='word_1_129' title='bbox 1840 1956 2252 2014; x_wconf 86' lang='lat' dir='ltr'><strong><em>servaverunt</em></strong></span> <span class='ocrx_word' id='word_1_130' title='bbox 2268 1950 2359 2015; x_wconf 77' lang='lat'><strong><em>¹4:</em></strong></span> 
     </span>
    </p>

    <p class='ocr_par' dir='ltr' id='par_1_11' title="bbox 22 2027 2491 2388">
     <span class='ocr_line' id='line_1_17' title="bbox 22 2027 2487 2123; baseline 0.006 -33"><span class='ocrx_word' id='word_1_131' title='bbox 22 2045 25 2112; x_wconf 41' lang='grc' dir='ltr'>ῃ</span> <span class='ocrx_word' id='word_1_132' title='bbox 474 2027 544 2111; x_wconf 86' lang='grc'><strong><em>1)</em></strong></span> <span class='ocrx_word' id='word_1_133' title='bbox 601 2028 812 2094; x_wconf 78' lang='lat' dir='ltr'><strong><em>Codex</em></strong></span> <span class='ocrx_word' id='word_1_134' title='bbox 855 2029 1395 2095; x_wconf 80' lang='lat' dir='ltr'><strong><em>Monacensis</em></strong></span> <span class='ocrx_word' id='word_1_135' title='bbox 1451 2052 1518 2096; x_wconf 92' lang='lat' dir='ltr'><strong><em>n.</em></strong></span> <span class='ocrx_word' id='word_1_136' title='bbox 1573 2038 1741 2096; x_wconf 89' lang='grc'><strong><em>1086</em></strong></span> <span class='ocrx_word' id='word_1_137' title='bbox 1793 2029 1990 2112; x_wconf 81' lang='lat' dir='ltr'><strong><em>(Bav.</em></strong></span> <span class='ocrx_word' id='word_1_138' title='bbox 2043 2042 2145 2118; x_wconf 89' lang='grc'><strong><em>86,</em></strong></span> <span class='ocrx_word' id='word_1_139' title='bbox 2193 2037 2487 2123; x_wconf 76' lang='lat' dir='ltr'><strong><em>Frisiny.</em></strong></span> 
     </span>
     <span class='ocr_line' id='line_1_18' title="bbox 255 2117 2491 2202; baseline 0.004 -20"><span class='ocrx_word' id='word_1_140' title='bbox 255 2124 382 2182; x_wconf 85' lang='lat'><strong><em>190</em></strong></span> <span class='ocrx_word' id='word_1_141' title='bbox 373 2119 438 2202; x_wconf 94' lang='lat'><strong><em>),</em></strong></span> <span class='ocrx_word' id='word_1_142' title='bbox 497 2138 661 2184; x_wconf 87' lang='lat' dir='ltr'><strong><em>saec.</em></strong></span> <span class='ocrx_word' id='word_1_143' title='bbox 716 2117 770 2182; x_wconf 89' lang='lat' dir='ltr'><strong><em>I</em></strong></span> <span class='ocrx_word' id='word_1_144' title='bbox 765 2117 858 2182; x_wconf 87' lang='lat' dir='ltr'><strong><em>X.</em></strong></span> <span class='ocrx_word' id='word_1_145' title='bbox 901 2117 996 2182; x_wconf 90' lang='lat' dir='ltr'><strong><em>in.</em></strong></span> <span class='ocrx_word' id='word_1_146' title='bbox 1056 2125 1376 2200; x_wconf 76' lang='lat' dir='ltr'><strong><em>eoearatus,</em></strong></span> <span class='ocrx_word' id='word_1_147' title='bbox 1447 2120 1599 2184; x_wconf 83' lang='lat' dir='ltr'><strong><em>olim</em></strong></span> <span class='ocrx_word' id='word_1_148' title='bbox 1659 2121 1953 2189; x_wconf 79' lang='lat' dir='ltr'><strong><em>ecclesiae</em></strong></span> <span class='ocrx_word' id='word_1_149' title='bbox 2014 2125 2285 2191; x_wconf 90' lang='lat' dir='ltr'><strong><em>maioris</em></strong></span> <span class='ocrx_word' id='word_1_150' title='bbox 2339 2127 2491 2192; x_wconf 84' lang='lat' dir='ltr'><strong><em>Fri-</em></strong></span> 
     </span>
     <span class='ocr_line' id='line_1_19' title="bbox 252 2205 2491 2294; baseline 0.005 -23"><span class='ocrx_word' id='word_1_151' title='bbox 252 2205 590 2289; x_wconf 76' lang='lat' dir='ltr'><strong><em>sinyensis,</em></strong></span> <span class='ocrx_word' id='word_1_152' title='bbox 639 2208 984 2272; x_wconf 90' lang='lat' dir='ltr'><strong><em>adnotante</em></strong></span> <span class='ocrx_word' id='word_1_153' title='bbox 1027 2227 1226 2271; x_wconf 89' lang='lat' dir='ltr'><strong><em>manu</em></strong></span> <span class='ocrx_word' id='word_1_154' title='bbox 1267 2228 1431 2273; x_wconf 87' lang='lat' dir='ltr'><strong><em>saec.</em></strong></span> <span class='ocrx_word' id='word_1_155' title='bbox 1482 2209 1709 2274; x_wconf 86' lang='lat' dir='ltr'><strong><em>XIII.</em></strong></span> <span class='ocrx_word' id='word_1_156' title='bbox 1761 2207 1904 2290; x_wconf 83' lang='lat' dir='ltr'><strong><em>(fol.</em></strong></span> <span class='ocrx_word' id='word_1_157' title='bbox 1957 2212 2029 2294; x_wconf 93' lang='lat'><strong><em>1)</em></strong></span> <span class='ocrx_word' id='word_1_158' title='bbox 2046 2234 2069 2278; x_wconf 92' lang='grc'><strong><em>.·</em></strong></span> <span class='ocrx_word' id='word_1_159' title='bbox 2120 2215 2267 2280; x_wconf 68' lang='lat' dir='ltr'><strong><em>Iste</em></strong></span> <span class='ocrx_word' id='word_1_160' title='bbox 2313 2216 2491 2282; x_wconf 82' lang='lat' dir='ltr'><strong><em>liber</em></strong></span> 
     </span>
     <span class='ocr_line' id='line_1_20' title="bbox 252 2296 2490 2388; baseline 0.004 -28"><span class='ocrx_word' id='word_1_161' title='bbox 252 2301 359 2361; x_wconf 73' lang='lat' dir='ltr'><strong><em>est</em></strong></span> <span class='ocrx_word' id='word_1_162' title='bbox 405 2299 644 2360; x_wconf 71' lang='lat' dir='ltr'><strong><em>sancte</em></strong></span> <span class='ocrx_word' id='word_1_163' title='bbox 689 2296 910 2360; x_wconf 74' lang='lat' dir='ltr'><strong><em>Mario</em></strong></span> <span class='ocrx_word' id='word_1_164' title='bbox 971 2298 1044 2360; x_wconf 68' lang='lat' dir='ltr'><strong><em>et</em></strong></span> <span class='ocrx_word' id='word_1_165' title='bbox 1101 2298 1326 2361; x_wconf 71' lang='lat' dir='ltr'><strong><em>sancti</em></strong></span> <span class='ocrx_word' id='word_1_166' title='bbox 1375 2297 1774 2362; x_wconf 83' lang='lat' dir='ltr'><strong><em>Corbiniani</em></strong></span> <span class='ocrx_word' id='word_1_167' title='bbox 1822 2301 2137 2388; x_wconf 65' lang='lat' dir='ltr'><strong><em>Frising„</em></strong></span> <span class='ocrx_word' id='word_1_168' title='bbox 2198 2303 2311 2383; x_wconf 88' lang='lat' dir='ltr'><strong><em>fol.</em></strong></span> <span class='ocrx_word' id='word_1_169' title='bbox 2365 2309 2490 2367; x_wconf 88' lang='lat'><strong><em>1—-</em></strong></span> 
     </span>
    </p>

    <p class='ocr_par' dir='ltr' id='par_1_12' title="bbox 169 2382 2491 2472">
     <span class='ocr_line' id='line_1_21' title="bbox 169 2382 2491 2472; baseline 0.007 -30"><span class='ocrx_word' id='word_1_170' title='bbox 169 2405 217 2442; x_wconf 73' lang='grc'><strong>20</strong></span> <span class='ocrx_word' id='word_1_171' title='bbox 252 2383 382 2447; x_wconf 83' lang='lat'><strong><em>44‘.</em></strong></span> <span class='ocrx_word' id='word_1_172' title='bbox 447 2384 520 2448; x_wconf 91' lang='lat' dir='ltr'><strong><em>V.</em></strong></span> <span class='ocrx_word' id='word_1_173' title='bbox 553 2382 890 2463; x_wconf 78' lang='lat' dir='ltr'><strong><em>Bonifatii</em></strong></span> <span class='ocrx_word' id='word_1_174' title='bbox 908 2382 980 2464; x_wconf 80' lang='lat'><strong><em>²⁵,</em></strong></span> <span class='ocrx_word' id='word_1_175' title='bbox 1012 2383 1124 2463; x_wconf 81' lang='lat' dir='ltr'><strong><em>fol.</em></strong></span> <span class='ocrx_word' id='word_1_176' title='bbox 1159 2382 1398 2448; x_wconf 84' lang='lat'>44‘—-7</span> <span class='ocrx_word' id='word_1_177' title='bbox 1410 2389 1488 2450; x_wconf 79' lang='lat'><strong><em>1‘.</em></strong></span> <span class='ocrx_word' id='word_1_178' title='bbox 1552 2386 1627 2450; x_wconf 94' lang='lat' dir='ltr'><strong><em>V.</em></strong></span> <span class='ocrx_word' id='word_1_179' title='bbox 1664 2386 2112 2472; x_wconf 76' lang='lat' dir='ltr'><strong><em>Wynnebaldi,</em></strong></span> <span class='ocrx_word' id='word_1_180' title='bbox 2145 2390 2258 2470; x_wconf 81' lang='lat' dir='ltr'><strong><em>fol.</em></strong></span> <span class='ocrx_word' id='word_1_181' title='bbox 2294 2390 2491 2457; x_wconf 82' lang='lat'><strong>&#39;71‘—</strong></span> 
     </span>
    </p>
   </div>
   <div class='ocr_carea' id='block_1_4' title="bbox 21 2469 2495 4676">
    <p class='ocr_par' dir='ltr' id='par_1_13' title="bbox 22 2469 2492 3137">
     <span class='ocr_line' id='line_1_22' title="bbox 22 2469 2487 2650; baseline 0.004 -26"><span class='ocrx_word' id='word_1_182' title='bbox 22 2469 25 2618; x_wconf 73' lang='lat'>&#39;</span> <span class='ocrx_word' id='word_1_183' title='bbox 250 2574 303 2644; x_wconf 92' lang='lat'><strong><em>1)</em></strong></span> <span class='ocrx_word' id='word_1_184' title='bbox 346 2575 437 2640; x_wconf 79' lang='lat' dir='ltr'><strong><em>Cf.</em></strong></span> <span class='ocrx_word' id='word_1_185' title='bbox 473 2575 632 2639; x_wconf 77' lang='lat' dir='ltr'><strong><em>infra</em></strong></span> <span class='ocrx_word' id='word_1_186' title='bbox 664 2593 720 2643; x_wconf 89' lang='grc' dir='ltr'><strong>Ρ.</strong></span> <span class='ocrx_word' id='word_1_187' title='bbox 743 2577 834 2640; x_wconf 97' lang='grc'><strong><em>20,</em></strong></span> <span class='ocrx_word' id='word_1_188' title='bbox 861 2577 909 2630; x_wconf 94' lang='lat'><strong><em>1.</em></strong></span> <span class='ocrx_word' id='word_1_189' title='bbox 947 2577 1036 2641; x_wconf 85' lang='lat'><strong><em>25,</em></strong></span> <span class='ocrx_word' id='word_1_190' title='bbox 1065 2577 1114 2630; x_wconf 87' lang='lat'><strong><em>6.</em></strong></span> <span class='ocrx_word' id='word_1_191' title='bbox 1151 2577 1240 2641; x_wconf 84' lang='lat'><strong><em>34,</em></strong></span> <span class='ocrx_word' id='word_1_192' title='bbox 1264 2577 1351 2630; x_wconf 86' lang='lat'><strong><em>28.</em></strong></span> <span class='ocrx_word' id='word_1_193' title='bbox 1389 2578 1480 2643; x_wconf 88' lang='grc'><strong><em>47,</em></strong></span> <span class='ocrx_word' id='word_1_194' title='bbox 1508 2580 1574 2637; x_wconf 85' lang='lat'><strong><em>9,-</em></strong></span> <span class='ocrx_word' id='word_1_195' title='bbox 1622 2577 1979 2646; x_wconf 71' lang='lat' dir='ltr'><strong><em>Niirnberyer</em></strong></span> <span class='ocrx_word' id='word_1_196' title='bbox 2014 2581 2047 2635; x_wconf 83' lang='grc' dir='ltr'><strong><em>Ζ.</em></strong></span> <span class='ocrx_word' id='word_1_197' title='bbox 2085 2580 2119 2635; x_wconf 78' lang='grc' dir='ltr'><strong><em>Ζ.</em></strong></span> <span class='ocrx_word' id='word_1_198' title='bbox 2152 2599 2209 2648; x_wconf 83' lang='grc' dir='ltr'><strong>Ρ.</strong></span> <span class='ocrx_word' id='word_1_199' title='bbox 2247 2582 2399 2634; x_wconf 88' lang='lat' dir='ltr'><strong><em>XVI</em></strong></span> <span class='ocrx_word' id='word_1_200' title='bbox 2411 2599 2487 2650; x_wconf 77' lang='lat' dir='ltr'><strong><em>sq.</em></strong></span> 
     </span>
     <span class='ocr_line' id='line_1_23' title="bbox 22 2619 2488 2738; baseline 0.003 -39"><span class='ocrx_word' id='word_1_201' title='bbox 22 2619 29 2738; x_wconf 52' lang='lat' dir='ltr'>y</span> <span class='ocrx_word' id='word_1_202' title='bbox 247 2649 304 2713; x_wconf 87' lang='lat'><strong><em>2)</em></strong></span> <span class='ocrx_word' id='word_1_203' title='bbox 351 2646 434 2711; x_wconf 77' lang='lat' dir='ltr'><strong><em>Gr·</em></strong></span> <span class='ocrx_word' id='word_1_204' title='bbox 463 2663 525 2714; x_wconf 75' lang='lat' dir='ltr'><strong><em>p.</em></strong></span> <span class='ocrx_word' id='word_1_205' title='bbox 554 2648 640 2714; x_wconf 86' lang='lat'><strong><em>14,</em></strong></span> <span class='ocrx_word' id='word_1_206' title='bbox 666 2648 717 2701; x_wconf 89' lang='lat'><strong><em>5.</em></strong></span> <span class='ocrx_word' id='word_1_207' title='bbox 757 2647 844 2712; x_wconf 81' lang='lat'><strong><em>17,</em></strong></span> <span class='ocrx_word' id='word_1_208' title='bbox 869 2647 921 2700; x_wconf 82' lang='lat'><strong><em>2.</em></strong></span> <span class='ocrx_word' id='word_1_209' title='bbox 961 2647 1047 2712; x_wconf 87' lang='lat'><strong><em>18,</em></strong></span> <span class='ocrx_word' id='word_1_210' title='bbox 1075 2648 1124 2701; x_wconf 92' lang='lat'><strong><em>1.</em></strong></span> <span class='ocrx_word' id='word_1_211' title='bbox 1166 2648 1251 2713; x_wconf 85' lang='lat'><strong><em>19,</em></strong></span> <span class='ocrx_word' id='word_1_212' title='bbox 1277 2648 1329 2702; x_wconf 85' lang='lat'><strong><em>4.</em></strong></span> <span class='ocrx_word' id='word_1_213' title='bbox 1365 2649 1455 2714; x_wconf 83' lang='lat'><strong><em>42,</em></strong></span> <span class='ocrx_word' id='word_1_214' title='bbox 1478 2650 1532 2702; x_wconf 86' lang='lat'><strong><em>4.</em></strong></span> <span class='ocrx_word' id='word_1_215' title='bbox 1568 2650 1659 2714; x_wconf 85' lang='grc'><strong><em>49,</em></strong></span> <span class='ocrx_word' id='word_1_216' title='bbox 1685 2651 1773 2704; x_wconf 82' lang='grc'><strong><em>26.</em></strong></span> <span class='ocrx_word' id='word_1_217' title='bbox 1882 2650 1939 2716; x_wconf 82' lang='lat' dir='ltr'><strong><em>s)</em></strong></span> <span class='ocrx_word' id='word_1_218' title='bbox 1975 2651 2060 2714; x_wconf 77' lang='lat' dir='ltr'><strong><em>cf.</em></strong></span> <span class='ocrx_word' id='word_1_219' title='bbox 2096 2667 2269 2719; x_wconf 73' lang='lat' dir='ltr'><strong><em>supra</em></strong></span> <span class='ocrx_word' id='word_1_220' title='bbox 2295 2670 2355 2720; x_wconf 75' lang='lat' dir='ltr'><strong><em>p.</em></strong></span> <span class='ocrx_word' id='word_1_221' title='bbox 2382 2654 2488 2706; x_wconf 85' lang='lat' dir='ltr'><strong><em>IX.</em></strong></span> 
     </span>
     <span class='ocr_line' id='line_1_24' title="bbox 22 2716 2491 2788; baseline 0.002 -16"><span class='ocrx_word' id='word_1_222' title='bbox 22 2739 25 2782; x_wconf 73' lang='grc' dir='ltr'><strong>ῑ</strong></span> <span class='ocrx_word' id='word_1_223' title='bbox 246 2719 304 2785; x_wconf 88' lang='lat'><strong><em>4)</em></strong></span> <span class='ocrx_word' id='word_1_224' title='bbox 345 2717 432 2781; x_wconf 77' lang='lat' dir='ltr'><strong><em>Cf.</em></strong></span> <span class='ocrx_word' id='word_1_225' title='bbox 470 2732 606 2784; x_wconf 75' lang='lat' dir='ltr'><strong><em>quae</em></strong></span> <span class='ocrx_word' id='word_1_226' title='bbox 639 2718 714 2770; x_wconf 88' lang='lat' dir='ltr'><strong><em>ad</em></strong></span> <span class='ocrx_word' id='word_1_227' title='bbox 748 2733 790 2772; x_wconf 93' lang='lat' dir='ltr'><strong><em>c.</em></strong></span> <span class='ocrx_word' id='word_1_228' title='bbox 815 2719 866 2771; x_wconf 84' lang='lat'><strong><em>8.</em></strong></span> <span class='ocrx_word' id='word_1_229' title='bbox 903 2716 1174 2771; x_wconf 78' lang='lat' dir='ltr'><strong><em>adnotavi.</em></strong></span> <span class='ocrx_word' id='word_1_230' title='bbox 1241 2717 1392 2770; x_wconf 85' lang='lat' dir='ltr'><strong><em>Idem</em></strong></span> <span class='ocrx_word' id='word_1_231' title='bbox 1426 2721 1635 2770; x_wconf 86' lang='lat' dir='ltr'><strong><em>monuit</em></strong></span> <span class='ocrx_word' id='word_1_232' title='bbox 1680 2718 1870 2788; x_wconf 72' lang='lat' dir='ltr'><strong><em>Tanyl,</em></strong></span> <span class='ocrx_word' id='word_1_233' title='bbox 1910 2721 2045 2772; x_wconf 87' lang='lat' dir='ltr'><strong><em>‘Das</em></strong></span> <span class='ocrx_word' id='word_1_234' title='bbox 2075 2722 2364 2786; x_wconf 67' lang='lat' dir='ltr'><strong><em>Todesy&#39;ahr</em></strong></span> <span class='ocrx_word' id='word_1_235' title='bbox 2400 2725 2491 2776; x_wconf 89' lang='lat' dir='ltr'><strong><em>des</em></strong></span> 
     </span>
     <span class='ocr_line' id='line_1_25' title="bbox 22 2785 2488 2861; baseline 0.003 -23"><span class='ocrx_word' id='word_1_236' title='bbox 22 2785 25 2838; x_wconf 76' lang='grc' dir='ltr'>Ξ</span> <span class='ocrx_word' id='word_1_237' title='bbox 249 2787 587 2852; x_wconf 81' lang='lat' dir='ltr'><strong><em>Bonifatius’</em></strong></span> <span class='ocrx_word' id='word_1_238' title='bbox 619 2793 692 2853; x_wconf 83' lang='lat' dir='ltr'><strong><em>(v.</em></strong></span> <span class='ocrx_word' id='word_1_239' title='bbox 728 2787 890 2851; x_wconf 88' lang='lat' dir='ltr'><strong><em>infra</em></strong></span> <span class='ocrx_word' id='word_1_240' title='bbox 930 2803 992 2854; x_wconf 88' lang='grc' dir='ltr'><strong>Ρ.</strong></span> <span class='ocrx_word' id='word_1_241' title='bbox 1028 2790 1118 2854; x_wconf 87' lang='grc'><strong><em>47,</em></strong></span> <span class='ocrx_word' id='word_1_242' title='bbox 1143 2790 1243 2848; x_wconf 88' lang='lat'><strong><em>41)</em></strong></span> <span class='ocrx_word' id='word_1_243' title='bbox 1284 2806 1343 2856; x_wconf 85' lang='grc' dir='ltr'><strong>Ρ.</strong></span> <span class='ocrx_word' id='word_1_244' title='bbox 1380 2791 1504 2854; x_wconf 88' lang='grc'><strong>244,</strong></span> <span class='ocrx_word' id='word_1_245' title='bbox 1539 2805 1595 2844; x_wconf 88' lang='lat' dir='ltr'><strong><em>n.</em></strong></span> <span class='ocrx_word' id='word_1_246' title='bbox 1632 2791 1685 2845; x_wconf 89' lang='grc'><strong><em>5.</em></strong></span> <span class='ocrx_word' id='word_1_247' title='bbox 1866 2792 1922 2858; x_wconf 87' lang='grc'><strong><em>5)</em></strong></span> <span class='ocrx_word' id='word_1_248' title='bbox 1978 2792 2074 2846; x_wconf 82' lang='lat' dir='ltr'><strong><em>SS.</em></strong></span> <span class='ocrx_word' id='word_1_249' title='bbox 2112 2793 2244 2861; x_wconf 85' lang='lat' dir='ltr'><strong><em>XV,</em></strong></span> <span class='ocrx_word' id='word_1_250' title='bbox 2283 2796 2377 2848; x_wconf 81' lang='lat'><strong><em>71:</em></strong></span> <span class='ocrx_word' id='word_1_251' title='bbox 2430 2793 2488 2846; x_wconf 87' lang='lat' dir='ltr'><strong><em>in</em></strong></span> 
     </span>
     <span class='ocr_line' id='line_1_26' title="bbox 22 2841 2489 2931; baseline 0.003 -20"><span class='ocrx_word' id='word_1_252' title='bbox 22 2841 25 2884; x_wconf 63' lang='lat'>³</span> <span class='ocrx_word' id='word_1_253' title='bbox 171 2873 216 2911; x_wconf 76' lang='lat'><strong><em>25</em></strong></span> <span class='ocrx_word' id='word_1_254' title='bbox 249 2856 441 2912; x_wconf 83' lang='lat' dir='ltr'><strong><em>libello</em></strong></span> <span class='ocrx_word' id='word_1_255' title='bbox 492 2857 562 2911; x_wconf 76' lang='lat' dir='ltr'><strong><em>de</em></strong></span> <span class='ocrx_word' id='word_1_256' title='bbox 610 2857 862 2926; x_wconf 75' lang='lat' dir='ltr'><strong><em>passione</em></strong></span> <span class='ocrx_word' id='word_1_257' title='bbox 898 2856 1065 2925; x_wconf 80' lang='lat' dir='ltr'><strong><em>ipsius</em></strong></span> <span class='ocrx_word' id='word_1_258' title='bbox 1100 2857 1323 2926; x_wconf 74' lang='lat' dir='ltr'><strong><em>scripto.</em></strong></span> <span class='ocrx_word' id='word_1_259' title='bbox 1452 2860 1508 2928; x_wconf 86' lang='lat'><strong><em>6)</em></strong></span> <span class='ocrx_word' id='word_1_260' title='bbox 1547 2861 1634 2924; x_wconf 79' lang='lat' dir='ltr'><strong><em>cr.</em></strong></span> <span class='ocrx_word' id='word_1_261' title='bbox 1672 2877 1724 2915; x_wconf 83' lang='lat' dir='ltr'><strong><em>a.</em></strong></span> <span class='ocrx_word' id='word_1_262' title='bbox 1758 2862 1998 2917; x_wconf 82' lang='lat'><strong>5.6.17.</strong></span> <span class='ocrx_word' id='word_1_263' title='bbox 2034 2862 2265 2930; x_wconf 53' lang='lat' dir='ltr'><strong><em>Puffim·</em></strong></span> <span class='ocrx_word' id='word_1_264' title='bbox 2292 2865 2413 2929; x_wconf 78' lang='lat' dir='ltr'><strong><em>(ss,</em></strong></span> <span class='ocrx_word' id='word_1_265' title='bbox 2440 2865 2489 2931; x_wconf 84' lang='lat' dir='ltr'><strong><em>I,</em></strong></span> 
     </span>
     <span class='ocr_line' id='line_1_27' title="bbox 255 2917 2492 3001; baseline 0.003 -20"><span class='ocrx_word' id='word_1_266' title='bbox 255 2932 358 2985; x_wconf 82' lang='lat'><strong><em>115</em></strong></span> <span class='ocrx_word' id='word_1_267' title='bbox 371 2947 483 2998; x_wconf 76' lang='lat' dir='ltr'><strong><em>sq‚,·</em></strong></span> <span class='ocrx_word' id='word_1_268' title='bbox 511 2929 588 2984; x_wconf 84' lang='lat' dir='ltr'><strong><em>ed.</em></strong></span> <span class='ocrx_word' id='word_1_269' title='bbox 619 2929 816 2996; x_wconf 76' lang='lat' dir='ltr'><strong><em>Waitz,</em></strong></span> <span class='ocrx_word' id='word_1_270' title='bbox 837 2917 916 2980; x_wconf 72' lang='lat' dir='ltr'><strong><em>‘U</em></strong></span> <span class='ocrx_word' id='word_1_271' title='bbox 913 2930 1003 2982; x_wconf 85' lang='lat' dir='ltr'><strong><em>ber</em></strong></span> <span class='ocrx_word' id='word_1_272' title='bbox 1025 2930 1112 2980; x_wconf 83' lang='lat' dir='ltr'><strong><em>die</em></strong></span> <span class='ocrx_word' id='word_1_273' title='bbox 1135 2929 1302 2982; x_wconf 77' lang='lat' dir='ltr'><strong><em>hleine</em></strong></span> <span class='ocrx_word' id='word_1_274' title='bbox 1324 2929 1591 2982; x_wconf 84' lang='lat' dir='ltr'><strong><em>Lorscher</em></strong></span> <span class='ocrx_word' id='word_1_275' title='bbox 1614 2928 1903 2985; x_wconf 78' lang='lat' dir='ltr'><strong><em>Franken-</em></strong></span> <span class='ocrx_word' id='word_1_276' title='bbox 1916 2933 2201 3001; x_wconf 78' lang='lat' dir='ltr'><strong><em>Chronilc’,</em></strong></span> <span class='ocrx_word' id='word_1_277' title='bbox 2222 2935 2492 2988; x_wconf 82' lang='lat' dir='ltr'><strong><em>‘Berliner</em></strong></span> 
     </span>
     <span class='ocr_line' id='line_1_28' title="bbox 251 2999 2492 3073; baseline 0.003 -21"><span class='ocrx_word' id='word_1_278' title='bbox 251 2999 762 3066; x_wconf 72' lang='lat' dir='ltr'><strong><em>Sitzunqsberichte&#39;</em></strong></span> <span class='ocrx_word' id='word_1_279' title='bbox 802 3001 960 3066; x_wconf 87' lang='grc'><strong>1882,</strong></span> <span class='ocrx_word' id='word_1_280' title='bbox 997 3000 1046 3065; x_wconf 92' lang='grc' dir='ltr'><strong><em>Ι,</em></strong></span> <span class='ocrx_word' id='word_1_281' title='bbox 1075 3015 1137 3066; x_wconf 93' lang='grc' dir='ltr'><strong>Ρ.</strong></span> <span class='ocrx_word' id='word_1_282' title='bbox 1162 3002 1284 3056; x_wconf 87' lang='lat'><strong><em>410.</em></strong></span> <span class='ocrx_word' id='word_1_283' title='bbox 1322 3002 1473 3065; x_wconf 83' lang='lat'><strong>412).</strong></span> <span class='ocrx_word' id='word_1_284' title='bbox 1544 3002 1669 3054; x_wconf 86' lang='lat' dir='ltr'><strong><em>Vita</em></strong></span> <span class='ocrx_word' id='word_1_285' title='bbox 1706 3003 1985 3067; x_wconf 77' lang='lat' dir='ltr'><strong><em>Bonifatii</em></strong></span> <span class='ocrx_word' id='word_1_286' title='bbox 2016 3005 2085 3056; x_wconf 91' lang='lat' dir='ltr'><strong><em>ab</em></strong></span> <span class='ocrx_word' id='word_1_287' title='bbox 2127 3007 2244 3073; x_wconf 82' lang='lat' dir='ltr'><strong><em>ipso</em></strong></span> <span class='ocrx_word' id='word_1_288' title='bbox 2279 3011 2492 3059; x_wconf 79' lang='lat' dir='ltr'><strong><em>auctore</em></strong></span> 
     </span>
     <span class='ocr_line' id='line_1_29' title="bbox 255 3070 2492 3137; baseline 0.003 -13"><span class='ocrx_word' id='word_1_289' title='bbox 255 3071 508 3124; x_wconf 79' lang='lat' dir='ltr'><strong><em>Chronici</em></strong></span> <span class='ocrx_word' id='word_1_290' title='bbox 541 3071 918 3122; x_wconf 84' lang='lat' dir='ltr'><strong><em>Laurissensis</em></strong></span> <span class='ocrx_word' id='word_1_291' title='bbox 952 3070 1198 3122; x_wconf 86' lang='lat' dir='ltr'><strong><em>adhibita</em></strong></span> <span class='ocrx_word' id='word_1_292' title='bbox 1232 3076 1323 3137; x_wconf 89' lang='lat' dir='ltr'><strong><em>est,</em></strong></span> <span class='ocrx_word' id='word_1_293' title='bbox 1372 3087 1482 3124; x_wconf 82' lang='lat' dir='ltr'><strong><em>non</em></strong></span> <span class='ocrx_word' id='word_1_294' title='bbox 1515 3077 1576 3123; x_wconf 85' lang='lat' dir='ltr'><strong><em>ut</em></strong></span> <span class='ocrx_word' id='word_1_295' title='bbox 1624 3079 1783 3126; x_wconf 86' lang='lat' dir='ltr'><strong><em>antea</em></strong></span> <span class='ocrx_word' id='word_1_296' title='bbox 1816 3075 2127 3127; x_wconf 76' lang='lat' dir='ltr'><strong><em>credebatur</em></strong></span> <span class='ocrx_word' id='word_1_297' title='bbox 2162 3091 2199 3126; x_wconf 87' lang='lat' dir='ltr'><strong><em>a</em></strong></span> <span class='ocrx_word' id='word_1_298' title='bbox 2233 3077 2492 3130; x_wconf 78' lang='lat' dir='ltr'><strong><em>decessore</em></strong></span> 
     </span>
    </p>

    <p class='ocr_par' dir='ltr' id='par_1_14' title="bbox 253 3141 2492 3212">
     <span class='ocr_line' id='line_1_30' title="bbox 253 3141 2492 3212; baseline 0.003 -18"><span class='ocrx_word' id='word_1_299' title='bbox 253 3145 381 3209; x_wconf 88' lang='lat' dir='ltr'><strong><em>eius,</em></strong></span> <span class='ocrx_word' id='word_1_300' title='bbox 433 3143 546 3198; x_wconf 84' lang='lat' dir='ltr'><strong><em>scil.</em></strong></span> <span class='ocrx_word' id='word_1_301' title='bbox 583 3142 652 3193; x_wconf 91' lang='lat' dir='ltr'><strong><em>ab</em></strong></span> <span class='ocrx_word' id='word_1_302' title='bbox 700 3147 914 3194; x_wconf 86' lang='lat' dir='ltr'><strong><em>auctore</em></strong></span> <span class='ocrx_word' id='word_1_303' title='bbox 961 3141 1355 3208; x_wconf 76' lang='lat' dir='ltr'><strong><em>compilationis</em></strong></span> <span class='ocrx_word' id='word_1_304' title='bbox 1402 3159 1540 3209; x_wconf 80' lang='lat' dir='ltr'><strong><em>quae</em></strong></span> <span class='ocrx_word' id='word_1_305' title='bbox 1587 3144 1662 3195; x_wconf 88' lang='lat' dir='ltr'><strong><em>ad</em></strong></span> <span class='ocrx_word' id='word_1_306' title='bbox 1707 3160 1759 3198; x_wconf 88' lang='lat' dir='ltr'><strong><em>a.</em></strong></span> <span class='ocrx_word' id='word_1_307' title='bbox 1796 3147 1919 3200; x_wconf 88' lang='grc'><strong>805.</strong></span> <span class='ocrx_word' id='word_1_308' title='bbox 1969 3153 2285 3212; x_wconf 80' lang='lat' dir='ltr'><strong><em>pervenerat</em></strong></span> <span class='ocrx_word' id='word_1_309' title='bbox 2336 3147 2492 3200; x_wconf 88' lang='lat' dir='ltr'><strong><em>hodie</em></strong></span> 
     </span>
    </p>

    <p class='ocr_par' dir='ltr' id='par_1_15' title="bbox 22 3197 2492 3353">
     <span class='ocr_line' id='line_1_31' title="bbox 22 3197 2491 3284; baseline 0.001 -18"><span class='ocrx_word' id='word_1_310' title='bbox 22 3197 25 3280; x_wconf 66' lang='grc' dir='ltr'><strong>ἶ</strong></span> <span class='ocrx_word' id='word_1_311' title='bbox 171 3227 218 3266; x_wconf 86' lang='lat'><strong><em>30</em></strong></span> <span class='ocrx_word' id='word_1_312' title='bbox 250 3213 528 3280; x_wconf 78' lang='lat' dir='ltr'><strong><em>deperdita</em></strong></span> <span class='ocrx_word' id='word_1_313' title='bbox 539 3229 562 3275; x_wconf 90' lang='lat'><strong><em>,·</em></strong></span> <span class='ocrx_word' id='word_1_314' title='bbox 610 3215 678 3278; x_wconf 64' lang='lat' dir='ltr'><strong><em>or.</em></strong></span> <span class='ocrx_word' id='word_1_315' title='bbox 705 3211 904 3276; x_wconf 65' lang='lat' dir='ltr'><strong><em>Kame,</em></strong></span> <span class='ocrx_word' id='word_1_316' title='bbox 946 3211 1036 3264; x_wconf 71' lang='grc' dir='ltr'><strong><em>«Ν.</em></strong></span> <span class='ocrx_word' id='word_1_317' title='bbox 1055 3211 1243 3264; x_wconf 62' lang='lat' dir='ltr'><strong><em>Arche</em></strong></span> <span class='ocrx_word' id='word_1_318' title='bbox 1261 3211 1547 3280; x_wconf 82' lang='lat' dir='ltr'><strong><em>XXVIII,</em></strong></span> <span class='ocrx_word' id='word_1_319' title='bbox 1569 3216 1653 3270; x_wconf 88' lang='lat'><strong><em>15.</em></strong></span> <span class='ocrx_word' id='word_1_320' title='bbox 1769 3217 1825 3282; x_wconf 83' lang='lat'><strong><em>7)</em></strong></span> <span class='ocrx_word' id='word_1_321' title='bbox 1853 3216 2155 3268; x_wconf 64' lang='lat' dir='ltr'><strong><em>Ennarozus</em></strong></span> <span class='ocrx_word' id='word_1_322' title='bbox 2178 3221 2273 3284; x_wconf 71' lang='lat' dir='ltr'><strong><em>qm·</em></strong></span> <span class='ocrx_word' id='word_1_323' title='bbox 2294 3219 2491 3270; x_wconf 63' lang='lat' dir='ltr'><strong><em>decitur</em></strong></span> 
     </span>
     <span class='ocr_line' id='line_1_32' title="bbox 252 3283 2492 3353; baseline 0.004 -17"><span class='ocrx_word' id='word_1_324' title='bbox 252 3300 303 3340; x_wconf 88' lang='lat' dir='ltr'><strong><em>a.</em></strong></span> <span class='ocrx_word' id='word_1_325' title='bbox 344 3286 466 3340; x_wconf 86' lang='grc'><strong>717.</strong></span> <span class='ocrx_word' id='word_1_326' title='bbox 507 3286 627 3339; x_wconf 89' lang='grc'><strong>719.</strong></span> <span class='ocrx_word' id='word_1_327' title='bbox 666 3285 788 3338; x_wconf 86' lang='grc'><strong>746.</strong></span> <span class='ocrx_word' id='word_1_328' title='bbox 824 3283 941 3339; x_wconf 83' lang='grc'><strong>’754</strong></span> <span class='ocrx_word' id='word_1_329' title='bbox 987 3283 1160 3348; x_wconf 85' lang='lat' dir='ltr'><strong><em>(Ann.</em></strong></span> <span class='ocrx_word' id='word_1_330' title='bbox 1195 3283 1356 3338; x_wconf 82' lang='lat' dir='ltr'><strong><em>Fuld.</em></strong></span> <span class='ocrx_word' id='word_1_331' title='bbox 1407 3285 1486 3336; x_wconf 90' lang='lat' dir='ltr'><strong><em>ed.</em></strong></span> <span class='ocrx_word' id='word_1_332' title='bbox 1524 3284 1715 3336; x_wconf 78' lang='lat' dir='ltr'><strong><em>Kurze</em></strong></span> <span class='ocrx_word' id='word_1_333' title='bbox 1758 3303 1813 3353; x_wconf 88' lang='grc' dir='ltr'><strong>Ρ.</strong></span> <span class='ocrx_word' id='word_1_334' title='bbox 1850 3289 1903 3342; x_wconf 90' lang='grc'><strong>2.</strong></span> <span class='ocrx_word' id='word_1_335' title='bbox 1941 3289 1991 3342; x_wconf 88' lang='grc'><strong><em>5.</em></strong></span> <span class='ocrx_word' id='word_1_336' title='bbox 2032 3289 2092 3348; x_wconf 86' lang='grc'><strong><em>6)</em></strong></span> <span class='ocrx_word' id='word_1_337' title='bbox 2141 3293 2189 3340; x_wconf 74' lang='lat' dir='ltr'><strong><em>et</em></strong></span> <span class='ocrx_word' id='word_1_338' title='bbox 2232 3287 2492 3341; x_wconf 76' lang='lat' dir='ltr'><strong><em>Chronico</em></strong></span> 
     </span>
    </p>

    <p class='ocr_par' dir='ltr' id='par_1_16' title="bbox 22 3353 2493 3708">
     <span class='ocr_line' id='line_1_33' title="bbox 22 3353 2493 3426; baseline 0.002 -20"><span class='ocrx_word' id='word_1_339' title='bbox 22 3375 24 3422; x_wconf 71' lang='lat' dir='ltr'><em>g</em></span> <span class='ocrx_word' id='word_1_340' title='bbox 250 3355 602 3407; x_wconf 84' lang='lat' dir='ltr'><strong><em>Laurissensi</em></strong></span> <span class='ocrx_word' id='word_1_341' title='bbox 635 3360 684 3406; x_wconf 89' lang='lat' dir='ltr'><strong><em>et</em></strong></span> <span class='ocrx_word' id='word_1_342' title='bbox 714 3353 840 3406; x_wconf 87' lang='lat' dir='ltr'><strong><em>Vita</em></strong></span> <span class='ocrx_word' id='word_1_343' title='bbox 865 3354 1136 3418; x_wconf 80' lang='lat' dir='ltr'><strong><em>Bonifatii</em></strong></span> <span class='ocrx_word' id='word_1_344' title='bbox 1159 3370 1292 3406; x_wconf 81' lang='lat' dir='ltr'><strong><em>usus</em></strong></span> <span class='ocrx_word' id='word_1_345' title='bbox 1315 3361 1404 3408; x_wconf 82' lang='lat' dir='ltr'><strong><em>est.</em></strong></span> <span class='ocrx_word' id='word_1_346' title='bbox 1511 3357 1570 3423; x_wconf 88' lang='lat'><strong><em>8)</em></strong></span> <span class='ocrx_word' id='word_1_347' title='bbox 1613 3356 1711 3411; x_wconf 81' lang='lat' dir='ltr'><strong><em>SS.</em></strong></span> <span class='ocrx_word' id='word_1_348' title='bbox 1736 3357 1801 3408; x_wconf 87' lang='lat' dir='ltr'><strong><em>X</em></strong></span> <span class='ocrx_word' id='word_1_349' title='bbox 1805 3356 1866 3416; x_wconf 88' lang='lat' dir='ltr'><strong><em>V,</em></strong></span> <span class='ocrx_word' id='word_1_350' title='bbox 1893 3359 1963 3412; x_wconf 83' lang='lat'><strong><em>29</em></strong></span> <span class='ocrx_word' id='word_1_351' title='bbox 1986 3374 2063 3424; x_wconf 70' lang='lat' dir='ltr'><strong><em>SQ.</em></strong></span> <span class='ocrx_word' id='word_1_352' title='bbox 2174 3359 2231 3426; x_wconf 92' lang='grc'><strong><em>9)</em></strong></span> <span class='ocrx_word' id='word_1_353' title='bbox 2268 3360 2348 3411; x_wconf 88' lang='lat' dir='ltr'><strong><em>De</em></strong></span> <span class='ocrx_word' id='word_1_354' title='bbox 2370 3361 2493 3410; x_wconf 85' lang='lat' dir='ltr'><strong><em>iure</em></strong></span> 
     </span>
     <span class='ocr_line' id='line_1_34' title="bbox 22 3421 2489 3498; baseline 0.004 -23"><span class='ocrx_word' id='word_1_355' title='bbox 22 3429 26 3498; x_wconf 70' lang='grc' dir='ltr'>Ι</span> <span class='ocrx_word' id='word_1_356' title='bbox 254 3426 780 3492; x_wconf 76' lang='lat' dir='ltr'><strong><em>metropolitanorum</em></strong></span> <span class='ocrx_word' id='word_1_357' title='bbox 816 3441 858 3480; x_wconf 89' lang='lat' dir='ltr'><strong><em>c.</em></strong></span> <span class='ocrx_word' id='word_1_358' title='bbox 892 3427 962 3479; x_wconf 90' lang='grc'><strong>20</strong></span> <span class='ocrx_word' id='word_1_359' title='bbox 999 3423 1203 3492; x_wconf 78' lang='lat' dir='ltr'><strong><em>(Opera</em></strong></span> <span class='ocrx_word' id='word_1_360' title='bbox 1239 3426 1320 3476; x_wconf 84' lang='lat' dir='ltr'><strong><em>ed.</em></strong></span> <span class='ocrx_word' id='word_1_361' title='bbox 1345 3425 1603 3478; x_wconf 83' lang='lat' dir='ltr'><strong><em>Sirmond</em></strong></span> <span class='ocrx_word' id='word_1_362' title='bbox 1638 3421 1719 3493; x_wconf 92' lang='grc' dir='ltr'><strong><em>ΙΙ,</em></strong></span> <span class='ocrx_word' id='word_1_363' title='bbox 1748 3429 1912 3495; x_wconf 87' lang='grc'><strong>731),·</strong></span> <span class='ocrx_word' id='word_1_364' title='bbox 1947 3430 2019 3492; x_wconf 82' lang='lat' dir='ltr'><strong><em>cf.</em></strong></span> <span class='ocrx_word' id='word_1_365' title='bbox 2056 3431 2219 3493; x_wconf 87' lang='lat' dir='ltr'><strong><em>infra</em></strong></span> <span class='ocrx_word' id='word_1_366' title='bbox 2248 3447 2305 3496; x_wconf 87' lang='grc' dir='ltr'><strong>Ρ.</strong></span> <span class='ocrx_word' id='word_1_367' title='bbox 2331 3432 2420 3494; x_wconf 90' lang='grc'><strong><em>42,</em></strong></span> <span class='ocrx_word' id='word_1_368' title='bbox 2444 3432 2489 3483; x_wconf 96' lang='grc'><strong><em>1.</em></strong></span> 
     </span>
     <span class='ocr_line' id='line_1_35' title="bbox 259 3495 2492 3564; baseline -0 -12.096"><span class='ocrx_word' id='word_1_369' title='bbox 259 3498 350 3562; x_wconf 94' lang='grc'><strong>10)</strong></span> <span class='ocrx_word' id='word_1_370' title='bbox 381 3497 476 3552; x_wconf 84' lang='lat' dir='ltr'><strong><em>SS.</em></strong></span> <span class='ocrx_word' id='word_1_371' title='bbox 504 3496 636 3560; x_wconf 91' lang='lat' dir='ltr'><strong><em>XV,</em></strong></span> <span class='ocrx_word' id='word_1_372' title='bbox 664 3497 786 3551; x_wconf 92' lang='grc'><strong>129.</strong></span> <span class='ocrx_word' id='word_1_373' title='bbox 825 3495 908 3560; x_wconf 80' lang='lat' dir='ltr'><strong><em>Cf.</em></strong></span> <span class='ocrx_word' id='word_1_374' title='bbox 938 3495 1003 3550; x_wconf 76' lang='lat' dir='ltr'><strong><em>G.</em></strong></span> <span class='ocrx_word' id='word_1_375' title='bbox 1029 3495 1264 3560; x_wconf 79' lang='lat' dir='ltr'><strong><em>Richter,</em></strong></span> <span class='ocrx_word' id='word_1_376' title='bbox 1294 3496 1414 3549; x_wconf 85' lang='lat' dir='ltr'><strong><em>‘Die</em></strong></span> <span class='ocrx_word' id='word_1_377' title='bbox 1437 3502 1609 3549; x_wconf 85' lang='lat' dir='ltr'><strong><em>ersten</em></strong></span> <span class='ocrx_word' id='word_1_378' title='bbox 1632 3497 1892 3564; x_wconf 72' lang='lat' dir='ltr'><strong><em>Anfdnqe</em></strong></span> <span class='ocrx_word' id='word_1_379' title='bbox 1915 3499 2009 3551; x_wconf 86' lang='lat' dir='ltr'><strong><em>der</em></strong></span> <span class='ocrx_word' id='word_1_380' title='bbox 2034 3499 2179 3552; x_wconf 86' lang='lat' dir='ltr'><strong><em>Bau·</em></strong></span> <span class='ocrx_word' id='word_1_381' title='bbox 2202 3515 2255 3555; x_wconf 85' lang='lat' dir='ltr'><strong><em>u.</em></strong></span> <span class='ocrx_word' id='word_1_382' title='bbox 2283 3499 2492 3552; x_wconf 86' lang='lat' dir='ltr'><strong><em>Kunst-</em></strong></span> 
     </span>
     <span class='ocr_line' id='line_1_36' title="bbox 171 3565 2492 3639; baseline 0.001 -21"><span class='ocrx_word' id='word_1_383' title='bbox 171 3579 217 3619; x_wconf 80' lang='lat'><strong><em>35</em></strong></span> <span class='ocrx_word' id='word_1_384' title='bbox 251 3567 538 3633; x_wconf 71' lang='lat' dir='ltr'><strong><em>thatiykeit</em></strong></span> <span class='ocrx_word' id='word_1_385' title='bbox 569 3567 662 3619; x_wconf 88' lang='lat' dir='ltr'><strong><em>des</em></strong></span> <span class='ocrx_word' id='word_1_386' title='bbox 683 3566 933 3638; x_wconf 70' lang='lat' dir='ltr'><strong><em>Klosters</em></strong></span> <span class='ocrx_word' id='word_1_387' title='bbox 954 3565 1171 3632; x_wconf 83' lang='lat' dir='ltr'><strong><em>Fulda&#39;,</em></strong></span> <span class='ocrx_word' id='word_1_388' title='bbox 1198 3567 1406 3618; x_wconf 82' lang='lat' dir='ltr'><strong><em>Fuldae</em></strong></span> <span class='ocrx_word' id='word_1_389' title='bbox 1431 3569 1587 3633; x_wconf 88' lang='grc'><strong>1900,</strong></span> <span class='ocrx_word' id='word_1_390' title='bbox 1619 3584 1679 3635; x_wconf 96' lang='grc' dir='ltr'><strong>Ρ.</strong></span> <span class='ocrx_word' id='word_1_391' title='bbox 1704 3570 1793 3633; x_wconf 92' lang='grc'><strong><em>25,</em></strong></span> <span class='ocrx_word' id='word_1_392' title='bbox 1828 3585 1883 3624; x_wconf 82' lang='lat' dir='ltr'><strong><em>n.</em></strong></span> <span class='ocrx_word' id='word_1_393' title='bbox 1910 3571 1959 3624; x_wconf 85' lang='lat'><strong><em>3.</em></strong></span> <span class='ocrx_word' id='word_1_394' title='bbox 2095 3570 2187 3639; x_wconf 88' lang='grc'><strong><em>11)</em></strong></span> <span class='ocrx_word' id='word_1_395' title='bbox 2214 3571 2492 3623; x_wconf 69' lang='lat' dir='ltr'><strong><em>Cani-sius-</em></strong></span> 
     </span>
     <span class='ocr_line' id='line_1_37' title="bbox 252 3635 2493 3708; baseline 0.001 -18"><span class='ocrx_word' id='word_1_396' title='bbox 252 3638 506 3704; x_wconf 72' lang='lat' dir='ltr'><strong><em>Basnayc</em></strong></span> <span class='ocrx_word' id='word_1_397' title='bbox 539 3637 626 3704; x_wconf 91' lang='grc' dir='ltr'><strong><em>ΙΙ,</em></strong></span> <span class='ocrx_word' id='word_1_398' title='bbox 659 3640 713 3702; x_wconf 88' lang='grc'><strong><em>2,</em></strong></span> <span class='ocrx_word' id='word_1_399' title='bbox 755 3655 815 3705; x_wconf 88' lang='grc' dir='ltr'><strong>Ρ.</strong></span> <span class='ocrx_word' id='word_1_400' title='bbox 853 3640 976 3692; x_wconf 89' lang='grc'><strong>329.</strong></span> <span class='ocrx_word' id='word_1_401' title='bbox 1049 3635 1352 3689; x_wconf 82' lang='lat' dir='ltr'><strong><em>Hrabanus</em></strong></span> <span class='ocrx_word' id='word_1_402' title='bbox 1378 3645 1601 3703; x_wconf 81' lang='lat' dir='ltr'><strong><em>praeter</em></strong></span> <span class='ocrx_word' id='word_1_403' title='bbox 1633 3638 2005 3692; x_wconf 83' lang='lat' dir='ltr'><strong><em>Willibaldum</em></strong></span> <span class='ocrx_word' id='word_1_404' title='bbox 2042 3641 2493 3708; x_wconf 72' lang='lat' dir='ltr'><strong><em>Martyroloyium</em></strong></span> 
     </span>
    </p>

    <p class='ocr_par' dir='ltr' id='par_1_17' title="bbox 253 3707 2491 3779">
     <span class='ocr_line' id='line_1_38' title="bbox 253 3707 2491 3779; baseline 0.002 -18"><span class='ocrx_word' id='word_1_405' title='bbox 253 3709 431 3762; x_wconf 84' lang='lat' dir='ltr'><strong><em>Bedae</em></strong></span> <span class='ocrx_word' id='word_1_406' title='bbox 464 3709 844 3777; x_wconf 79' lang='lat' dir='ltr'><strong><em>interpolatum</em></strong></span> <span class='ocrx_word' id='word_1_407' title='bbox 878 3708 1026 3774; x_wconf 76' lang='grc' dir='ltr'><strong>(ΔΑ.</strong></span> <span class='ocrx_word' id='word_1_408' title='bbox 1051 3707 1148 3762; x_wconf 80' lang='lat' dir='ltr'><strong><em>SS.</em></strong></span> <span class='ocrx_word' id='word_1_409' title='bbox 1172 3707 1342 3762; x_wconf 80' lang='lat' dir='ltr'><strong><em>Mart.</em></strong></span> <span class='ocrx_word' id='word_1_410' title='bbox 1367 3708 1452 3775; x_wconf 92' lang='grc' dir='ltr'><strong><em>ΙΙ,</em></strong></span> <span class='ocrx_word' id='word_1_411' title='bbox 1480 3725 1541 3776; x_wconf 85' lang='grc' dir='ltr'><strong>Ρ.</strong></span> <span class='ocrx_word' id='word_1_412' title='bbox 1567 3707 1741 3772; x_wconf 87' lang='lat' dir='ltr'><strong><em>XXI)</em></strong></span> <span class='ocrx_word' id='word_1_413' title='bbox 1775 3709 2040 3778; x_wconf 77' lang='lat' dir='ltr'><strong><em>adhibuit,</em></strong></span> <span class='ocrx_word' id='word_1_414' title='bbox 2074 3713 2190 3779; x_wconf 77' lang='lat' dir='ltr'><strong><em>ipse</em></strong></span> <span class='ocrx_word' id='word_1_415' title='bbox 2224 3728 2337 3764; x_wconf 85' lang='lat' dir='ltr'><strong><em>una</em></strong></span> <span class='ocrx_word' id='word_1_416' title='bbox 2372 3728 2491 3764; x_wconf 84' lang='lat' dir='ltr'><strong><em>cum</em></strong></span> 
     </span>
    </p>

    <p class='ocr_par' dir='ltr' id='par_1_18' title="bbox 252 3777 2488 3849">
     <span class='ocr_line' id='line_1_39' title="bbox 252 3777 2488 3849; baseline 0.002 -18"><span class='ocrx_word' id='word_1_417' title='bbox 252 3780 440 3832; x_wconf 81' lang='lat' dir='ltr'><strong><em>Adone</em></strong></span> <span class='ocrx_word' id='word_1_418' title='bbox 512 3795 548 3831; x_wconf 93' lang='lat' dir='ltr'><strong><em>a</em></strong></span> <span class='ocrx_word' id='word_1_419' title='bbox 606 3777 841 3831; x_wconf 81' lang='lat' dir='ltr'><strong><em>Notkero</em></strong></span> <span class='ocrx_word' id='word_1_420' title='bbox 901 3777 1482 3845; x_wconf 72' lang='lat' dir='ltr'><strong><em>(Ganisius-Basnaye</em></strong></span> <span class='ocrx_word' id='word_1_421' title='bbox 1535 3778 1617 3845; x_wconf 90' lang='lat' dir='ltr'><strong><em>II,</em></strong></span> <span class='ocrx_word' id='word_1_422' title='bbox 1672 3783 1724 3847; x_wconf 86' lang='lat'><strong><em>3,</em></strong></span> <span class='ocrx_word' id='word_1_423' title='bbox 1776 3797 1837 3847; x_wconf 83' lang='lat'><strong><em>10.</em></strong></span> <span class='ocrx_word' id='word_1_424' title='bbox 1878 3782 2008 3846; x_wconf 83' lang='lat'><strong><em>138)</em></strong></span> <span class='ocrx_word' id='word_1_425' title='bbox 2067 3783 2341 3849; x_wconf 65' lang='lat' dir='ltr'><strong><em>expilatus</em></strong></span> <span class='ocrx_word' id='word_1_426' title='bbox 2398 3789 2488 3836; x_wconf 83' lang='lat' dir='ltr'><strong><em>est.</em></strong></span> 
     </span>
    </p>

    <p class='ocr_par' dir='ltr' id='par_1_19' title="bbox 256 3848 2492 3917">
     <span class='ocr_line' id='line_1_40' title="bbox 256 3848 2492 3917; baseline -0 -12"><span class='ocrx_word' id='word_1_427' title='bbox 256 3852 346 3917; x_wconf 92' lang='grc'><strong><em>12)</em></strong></span> <span class='ocrx_word' id='word_1_428' title='bbox 372 3851 826 3916; x_wconf 69' lang='lat' dir='ltr'><strong><em>Martyroloyium</em></strong></span> <span class='ocrx_word' id='word_1_429' title='bbox 847 3849 1058 3902; x_wconf 81' lang='lat' dir='ltr'><strong><em>Adonis</em></strong></span> <span class='ocrx_word' id='word_1_430' title='bbox 1079 3848 1157 3904; x_wconf 83' lang='lat' dir='ltr'><strong><em>ed.</em></strong></span> <span class='ocrx_word' id='word_1_431' title='bbox 1186 3848 1463 3915; x_wconf 73' lang='lat' dir='ltr'><strong><em>Georyius,</em></strong></span> <span class='ocrx_word' id='word_1_432' title='bbox 1492 3851 1651 3916; x_wconf 86' lang='grc'><strong>1745,</strong></span> <span class='ocrx_word' id='word_1_433' title='bbox 1677 3868 1738 3917; x_wconf 81' lang='lat' dir='ltr'><strong><em>p.</em></strong></span> <span class='ocrx_word' id='word_1_434' title='bbox 1762 3853 1886 3906; x_wconf 89' lang='grc'><strong>257.</strong></span> <span class='ocrx_word' id='word_1_435' title='bbox 1941 3852 2181 3904; x_wconf 80' lang='lat' dir='ltr'><strong><em>Adonem</em></strong></span> <span class='ocrx_word' id='word_1_436' title='bbox 2210 3851 2492 3904; x_wconf 85' lang='lat' dir='ltr'><strong><em>Usuardus</em></strong></span> 
     </span>
    </p>

    <p class='ocr_par' dir='ltr' id='par_1_20' title="bbox 172 3921 2495 4132">
     <span class='ocr_line' id='line_1_41' title="bbox 172 3921 2489 3990; baseline 0.002 -18"><span class='ocrx_word' id='word_1_437' title='bbox 172 3935 220 3972; x_wconf 83' lang='grc' dir='ltr'><strong>4ο</strong></span> <span class='ocrx_word' id='word_1_438' title='bbox 253 3922 354 3984; x_wconf 84' lang='lat' dir='ltr'><strong><em>(ed.</em></strong></span> <span class='ocrx_word' id='word_1_439' title='bbox 393 3921 655 3973; x_wconf 66' lang='lat' dir='ltr'><strong><em>Solem-ius</em></strong></span> <span class='ocrx_word' id='word_1_440' title='bbox 682 3937 744 3987; x_wconf 88' lang='grc' dir='ltr'><strong>Ρ.</strong></span> <span class='ocrx_word' id='word_1_441' title='bbox 768 3922 900 3982; x_wconf 90' lang='grc'><strong>318)</strong></span> <span class='ocrx_word' id='word_1_442' title='bbox 935 3921 1238 3986; x_wconf 71' lang='lat' dir='ltr'><strong><em>exscripsit.</em></strong></span> <span class='ocrx_word' id='word_1_443' title='bbox 1373 3921 1462 3987; x_wconf 88' lang='grc'><strong><em>13)</em></strong></span> <span class='ocrx_word' id='word_1_444' title='bbox 1498 3921 1580 3985; x_wconf 80' lang='lat' dir='ltr'><strong><em>Cf.</em></strong></span> <span class='ocrx_word' id='word_1_445' title='bbox 1619 3921 1875 3974; x_wconf 79' lang='lat' dir='ltr'><strong><em>Analecta</em></strong></span> <span class='ocrx_word' id='word_1_446' title='bbox 1911 3923 2159 3978; x_wconf 85' lang='lat' dir='ltr'><strong><em>Bolland.</em></strong></span> <span class='ocrx_word' id='word_1_447' title='bbox 2183 3923 2302 3976; x_wconf 88' lang='lat' dir='ltr'><strong><em>XV</em></strong></span> <span class='ocrx_word' id='word_1_448' title='bbox 2296 3924 2377 3990; x_wconf 93' lang='grc' dir='ltr'><strong><em>ΙΙ,</em></strong></span> <span class='ocrx_word' id='word_1_449' title='bbox 2406 3926 2489 3979; x_wconf 83' lang='lat'><strong><em>15.</em></strong></span> 
     </span>
     <span class='ocr_line' id='line_1_42' title="bbox 254 3989 2495 4060; baseline 0.001 -16"><span class='ocrx_word' id='word_1_450' title='bbox 254 3994 496 4060; x_wconf 76' lang='lat' dir='ltr'><strong><em>Epitome</em></strong></span> <span class='ocrx_word' id='word_1_451' title='bbox 543 3991 862 4057; x_wconf 82' lang='lat' dir='ltr'><strong><em>Wolfhardi</em></strong></span> <span class='ocrx_word' id='word_1_452' title='bbox 907 4007 934 4044; x_wconf 86' lang='lat' dir='ltr'><strong><em>e</em></strong></span> <span class='ocrx_word' id='word_1_453' title='bbox 983 3989 1285 4042; x_wconf 82' lang='lat' dir='ltr'><strong><em>Willibaldo</em></strong></span> <span class='ocrx_word' id='word_1_454' title='bbox 1328 3991 1594 4058; x_wconf 79' lang='lat' dir='ltr'><strong><em>pendens,</em></strong></span> <span class='ocrx_word' id='word_1_455' title='bbox 1646 4008 1780 4059; x_wconf 80' lang='lat' dir='ltr'><strong><em>quae</em></strong></span> <span class='ocrx_word' id='word_1_456' title='bbox 1841 3995 1901 4044; x_wconf 89' lang='lat' dir='ltr'><strong><em>in</em></strong></span> <span class='ocrx_word' id='word_1_457' title='bbox 1962 3993 2129 4046; x_wconf 88' lang='lat' dir='ltr'><strong><em>codice</em></strong></span> <span class='ocrx_word' id='word_1_458' title='bbox 2187 3994 2495 4046; x_wconf 78' lang='lat' dir='ltr'><strong><em>Monacensi</em></strong></span> 
     </span>
     <span class='ocr_line' id='line_1_43' title="bbox 255 4061 2490 4132; baseline 0 -18"><span class='ocrx_word' id='word_1_459' title='bbox 255 4063 457 4115; x_wconf 84' lang='lat' dir='ltr'><strong><em>Latino</em></strong></span> <span class='ocrx_word' id='word_1_460' title='bbox 491 4079 546 4116; x_wconf 89' lang='lat' dir='ltr'><strong><em>n.</em></strong></span> <span class='ocrx_word' id='word_1_461' title='bbox 574 4065 768 4129; x_wconf 88' lang='grc'><strong>18100,</strong></span> <span class='ocrx_word' id='word_1_462' title='bbox 806 4077 936 4116; x_wconf 82' lang='lat' dir='ltr'><strong><em>saec.</em></strong></span> <span class='ocrx_word' id='word_1_463' title='bbox 963 4061 1069 4116; x_wconf 90' lang='lat' dir='ltr'><strong><em>XI.</em></strong></span> <span class='ocrx_word' id='word_1_464' title='bbox 1093 4063 1190 4126; x_wconf 64' lang='lat' dir='ltr'><strong><em>in„</em></strong></span> <span class='ocrx_word' id='word_1_465' title='bbox 1225 4061 1322 4125; x_wconf 77' lang='lat' dir='ltr'><strong><em>fol.</em></strong></span> <span class='ocrx_word' id='word_1_466' title='bbox 1348 4061 1597 4129; x_wconf 83' lang='grc'><strong>58--58’,</strong></span> <span class='ocrx_word' id='word_1_467' title='bbox 1636 4069 1851 4115; x_wconf 84' lang='lat' dir='ltr'><strong><em>servata</em></strong></span> <span class='ocrx_word' id='word_1_468' title='bbox 1883 4069 1976 4130; x_wconf 83' lang='lat' dir='ltr'><strong><em>est,</em></strong></span> <span class='ocrx_word' id='word_1_469' title='bbox 2014 4065 2205 4132; x_wconf 76' lang='lat' dir='ltr'><strong><em>incipit</em></strong></span> <span class='ocrx_word' id='word_1_470' title='bbox 2217 4083 2238 4117; x_wconf 93' lang='lat'><strong><em>.·</em></strong></span> <span class='ocrx_word' id='word_1_471' title='bbox 2274 4063 2490 4116; x_wconf 87' lang='lat' dir='ltr'><strong><em>Summi</em></strong></span> 
     </span>
    </p>

    <p class='ocr_par' dir='ltr' id='par_1_21' title="bbox 256 4129 2491 4202">
     <span class='ocr_line' id='line_1_44' title="bbox 256 4129 2491 4202; baseline 0 -17"><span class='ocrx_word' id='word_1_472' title='bbox 256 4136 420 4200; x_wconf 79' lang='lat' dir='ltr'><strong><em>atque</em></strong></span> <span class='ocrx_word' id='word_1_473' title='bbox 445 4131 654 4202; x_wconf 76' lang='lat' dir='ltr'><strong><em>egregii</em></strong></span> <span class='ocrx_word' id='word_1_474' title='bbox 676 4130 952 4201; x_wconf 78' lang='lat' dir='ltr'><strong><em>pontificis</em></strong></span> <span class='ocrx_word' id='word_1_475' title='bbox 970 4129 1302 4200; x_wconf 81' lang='lat' dir='ltr'><strong><em>Moguntine</em></strong></span> <span class='ocrx_word' id='word_1_476' title='bbox 1324 4131 1466 4186; x_wconf 76' lang='lat' dir='ltr'><strong><em>sedis</em></strong></span> <span class='ocrx_word' id='word_1_477' title='bbox 1483 4131 1772 4200; x_wconf 76' lang='lat' dir='ltr'><strong><em>Bonifaoii,</em></strong></span> <span class='ocrx_word' id='word_1_478' title='bbox 1798 4141 1846 4186; x_wconf 84' lang='lat' dir='ltr'><strong><em>et</em></strong></span> <span class='ocrx_word' id='word_1_479' title='bbox 1866 4135 2087 4187; x_wconf 82' lang='lat' dir='ltr'><strong><em>desinit.-</em></strong></span> <span class='ocrx_word' id='word_1_480' title='bbox 2112 4151 2143 4186; x_wconf 79' lang='lat' dir='ltr'>a</span> <span class='ocrx_word' id='word_1_481' title='bbox 2162 4133 2491 4188; x_wconf 78' lang='lat' dir='ltr'><strong><em>Fresonibus</em></strong></span> 
     </span>
    </p>

    <p class='ocr_par' dir='ltr' id='par_1_22' title="bbox 257 4200 2493 4272">
     <span class='ocr_line' id='line_1_45' title="bbox 257 4200 2493 4272; baseline -0 -15"><span class='ocrx_word' id='word_1_482' title='bbox 257 4220 383 4257; x_wconf 87' lang='lat' dir='ltr'><strong><em>cum</em></strong></span> <span class='ocrx_word' id='word_1_483' title='bbox 438 4203 886 4272; x_wconf 76' lang='lat' dir='ltr'><strong><em>cooperatoribus</em></strong></span> <span class='ocrx_word' id='word_1_484' title='bbox 940 4200 1050 4254; x_wconf 77' lang='lat' dir='ltr'><strong><em>suis</em></strong></span> <span class='ocrx_word' id='word_1_485' title='bbox 1097 4202 1460 4270; x_wconf 76' lang='lat' dir='ltr'><strong><em>interemptus</em></strong></span> <span class='ocrx_word' id='word_1_486' title='bbox 1513 4219 1615 4271; x_wconf 88' lang='lat' dir='ltr'><strong><em>pro</em></strong></span> <span class='ocrx_word' id='word_1_487' title='bbox 1672 4203 1748 4257; x_wconf 83' lang='lat' dir='ltr'><strong><em>eis</em></strong></span> <span class='ocrx_word' id='word_1_488' title='bbox 1803 4203 2041 4257; x_wconf 77' lang='lat' dir='ltr'><strong><em>animam</em></strong></span> <span class='ocrx_word' id='word_1_489' title='bbox 2096 4204 2302 4272; x_wconf 79' lang='lat' dir='ltr'><strong><em>posuit,</em></strong></span> <span class='ocrx_word' id='word_1_490' title='bbox 2356 4208 2493 4256; x_wconf 86' lang='lat' dir='ltr'><strong><em>sicut</em></strong></span> 
     </span>
    </p>

    <p class='ocr_par' dir='ltr' id='par_1_23' title="bbox 175 4272 2487 4342">
     <span class='ocr_line' id='line_1_46' title="bbox 175 4272 2487 4342; baseline 0.001 -16"><span class='ocrx_word' id='word_1_491' title='bbox 175 4287 222 4326; x_wconf 73' lang='lat'><strong><em>45</em></strong></span> <span class='ocrx_word' id='word_1_492' title='bbox 259 4275 323 4329; x_wconf 80' lang='lat' dir='ltr'><strong><em>G.</em></strong></span> <span class='ocrx_word' id='word_1_493' title='bbox 337 4293 386 4329; x_wconf 84' lang='lat' dir='ltr'><strong><em>v.</em></strong></span> <span class='ocrx_word' id='word_1_494' title='bbox 402 4275 729 4327; x_wconf 80' lang='lat' dir='ltr'><strong><em>Laubmann</em></strong></span> <span class='ocrx_word' id='word_1_495' title='bbox 750 4291 797 4330; x_wconf 83' lang='lat' dir='ltr'><strong><em>v.</em></strong></span> <span class='ocrx_word' id='word_1_496' title='bbox 810 4291 873 4339; x_wconf 85' lang='lat' dir='ltr'><strong><em>c.,</em></strong></span> <span class='ocrx_word' id='word_1_497' title='bbox 898 4272 1228 4328; x_wconf 77' lang='lat' dir='ltr'><strong><em>bibliothecae</em></strong></span> <span class='ocrx_word' id='word_1_498' title='bbox 1251 4273 1590 4327; x_wconf 82' lang='lat' dir='ltr'><strong><em>Monacensis</em></strong></span> <span class='ocrx_word' id='word_1_499' title='bbox 1602 4276 1927 4342; x_wconf 78' lang='lat' dir='ltr'><strong><em>praefectus,</em></strong></span> <span class='ocrx_word' id='word_1_500' title='bbox 1954 4277 2225 4329; x_wconf 84' lang='lat' dir='ltr'><strong><em>certiorem</em></strong></span> <span class='ocrx_word' id='word_1_501' title='bbox 2248 4291 2327 4327; x_wconf 89' lang='lat' dir='ltr'><strong><em>me</em></strong></span> <span class='ocrx_word' id='word_1_502' title='bbox 2351 4277 2487 4339; x_wconf 80' lang='lat' dir='ltr'><strong><em>fecit.</em></strong></span> 
     </span>
    </p>

    <p class='ocr_par' dir='ltr' id='par_1_24' title="bbox 21 4344 2491 4676">
     <span class='ocr_line' id='line_1_47' title="bbox 22 4344 2487 4414; baseline -0.002 -12"><span class='ocrx_word' id='word_1_503' title='bbox 22 4371 24 4388; x_wconf 89' lang='lat'><em>=</em></span> <span class='ocrx_word' id='word_1_504' title='bbox 257 4348 346 4414; x_wconf 87' lang='grc'><strong><em>14)</em></strong></span> <span class='ocrx_word' id='word_1_505' title='bbox 371 4347 454 4398; x_wconf 79' lang='lat' dir='ltr'><strong><em>De</em></strong></span> <span class='ocrx_word' id='word_1_506' title='bbox 475 4345 744 4399; x_wconf 82' lang='lat' dir='ltr'><strong><em>codicibus</em></strong></span> <span class='ocrx_word' id='word_1_507' title='bbox 759 4345 1018 4413; x_wconf 79' lang='lat' dir='ltr'><strong><em>pluribus</em></strong></span> <span class='ocrx_word' id='word_1_508' title='bbox 1039 4351 1087 4396; x_wconf 83' lang='lat' dir='ltr'><strong><em>ct</em></strong></span> <span class='ocrx_word' id='word_1_509' title='bbox 1109 4344 1426 4398; x_wconf 82' lang='lat' dir='ltr'><strong><em>editionibus</em></strong></span> <span class='ocrx_word' id='word_1_510' title='bbox 1448 4347 1516 4410; x_wconf 79' lang='lat' dir='ltr'><strong><em>cf.</em></strong></span> <span class='ocrx_word' id='word_1_511' title='bbox 1536 4346 1603 4400; x_wconf 88' lang='lat' dir='ltr'><strong><em>A.</em></strong></span> <span class='ocrx_word' id='word_1_512' title='bbox 1624 4345 1991 4413; x_wconf 66' lang='lat' dir='ltr'><strong><em>Nurnberyer,</em></strong></span> <span class='ocrx_word' id='word_1_513' title='bbox 2012 4346 2096 4400; x_wconf 61' lang='grc' dir='ltr'><strong>(Ν.</strong></span> <span class='ocrx_word' id='word_1_514' title='bbox 2117 4345 2304 4400; x_wconf 83' lang='lat' dir='ltr'><strong><em>Arch.’</em></strong></span> <span class='ocrx_word' id='word_1_515' title='bbox 2330 4345 2487 4412; x_wconf 91' lang='lat' dir='ltr'><strong><em>VIII,</em></strong></span> 
     </span>
     <span class='ocr_line' id='line_1_48' title="bbox 22 4393 2491 4483; baseline -0.001 -12"><span class='ocrx_word' id='word_1_516' title='bbox 22 4393 25 4480; x_wconf 53' lang='lat' dir='ltr'>b</span> <span class='ocrx_word' id='word_1_517' title='bbox 255 4421 357 4472; x_wconf 87' lang='lat'><strong><em>301</em></strong></span> <span class='ocrx_word' id='word_1_518' title='bbox 385 4433 494 4483; x_wconf 75' lang='lat' dir='ltr'><strong><em>sqq.</em></strong></span> <span class='ocrx_word' id='word_1_519' title='bbox 541 4419 636 4482; x_wconf 73' lang='lat' dir='ltr'><strong><em>(cf.</em></strong></span> <span class='ocrx_word' id='word_1_520' title='bbox 673 4416 742 4472; x_wconf 63' lang='lat' dir='ltr'><strong><em>ab.</em></strong></span> <span class='ocrx_word' id='word_1_521' title='bbox 779 4417 885 4481; x_wconf 85' lang='lat' dir='ltr'><strong><em>XI,</em></strong></span> <span class='ocrx_word' id='word_1_522' title='bbox 921 4417 1030 4478; x_wconf 83' lang='lat' dir='ltr'><strong><em>4o;</em></strong></span> <span class='ocrx_word' id='word_1_523' title='bbox 1081 4414 1534 4482; x_wconf 58' lang='lat' dir='ltr'><strong><em>Homer-Effer,</em></strong></span> <span class='ocrx_word' id='word_1_524' title='bbox 1583 4417 1653 4470; x_wconf 79' lang='lat' dir='ltr'><strong><em>ib.</em></strong></span> <span class='ocrx_word' id='word_1_525' title='bbox 1694 4416 1863 4481; x_wconf 85' lang='lat' dir='ltr'><strong><em>XIII,</em></strong></span> <span class='ocrx_word' id='word_1_526' title='bbox 1900 4419 2063 4479; x_wconf 81' lang='lat' dir='ltr'><strong><em>57s);</em></strong></span> <span class='ocrx_word' id='word_1_527' title='bbox 2118 4417 2491 4469; x_wconf 69' lang='lat' dir='ltr'><strong><em>commentatio</em></strong></span> 
     </span>
     <span class='ocr_line' id='line_1_49' title="bbox 21 4485 2485 4676; baseline -0.001 -132"><span class='ocrx_word' id='word_1_528' title='bbox 21 4495 33 4676; x_wconf 46' lang='lat' dir='ltr'>l</span> <span class='ocrx_word' id='word_1_529' title='bbox 247 4505 308 4555; x_wconf 85' lang='grc' dir='ltr'><strong>Ρ.</strong></span> <span class='ocrx_word' id='word_1_530' title='bbox 331 4490 368 4542; x_wconf 90' lang='grc'><strong>8</strong></span> <span class='ocrx_word' id='word_1_531' title='bbox 392 4504 504 4555; x_wconf 79' lang='lat' dir='ltr'><strong><em>sqq.</em></strong></span> <span class='ocrx_word' id='word_1_532' title='bbox 616 4485 706 4556; x_wconf 85' lang='grc'><strong><em>15)</em></strong></span> <span class='ocrx_word' id='word_1_533' title='bbox 741 4486 956 4539; x_wconf 83' lang='lat' dir='ltr'><strong><em>Folium</em></strong></span> <span class='ocrx_word' id='word_1_534' title='bbox 981 4487 1069 4541; x_wconf 88' lang='grc'><strong><em>28.</em></strong></span> <span class='ocrx_word' id='word_1_535' title='bbox 1093 4485 1176 4537; x_wconf 80' lang='lat' dir='ltr'><strong><em>bis</em></strong></span> <span class='ocrx_word' id='word_1_536' title='bbox 1197 4491 1540 4538; x_wconf 74' lang='lat' dir='ltr'><strong><em>numeratum</em></strong></span> <span class='ocrx_word' id='word_1_537' title='bbox 1562 4493 1654 4550; x_wconf 87' lang='lat' dir='ltr'><strong><em>est,</em></strong></span> <span class='ocrx_word' id='word_1_538' title='bbox 1692 4487 1845 4551; x_wconf 84' lang='lat' dir='ltr'><strong><em>foliis</em></strong></span> <span class='ocrx_word' id='word_1_539' title='bbox 1866 4489 1976 4542; x_wconf 84' lang='grc' dir='ltr'><strong><em>28α</em></strong></span> <span class='ocrx_word' id='word_1_540' title='bbox 1998 4495 2046 4540; x_wconf 82' lang='lat' dir='ltr'><strong><em>ct</em></strong></span> <span class='ocrx_word' id='word_1_541' title='bbox 2069 4487 2174 4544; x_wconf 90' lang='lat' dir='ltr'><strong><em>28b</em></strong></span> <span class='ocrx_word' id='word_1_542' title='bbox 2208 4487 2485 4542; x_wconf 77' lang='lat' dir='ltr'><strong><em>distinctis.</em></strong></span> 
     </span>
    </p>
   </div>
   <div class='ocr_carea' id='block_1_5' title="bbox 359 4573 2130 4634">
    <p class='ocr_par' dir='ltr' id='par_1_25' title="bbox 359 4573 2130 4634">
     <span class='ocr_line' id='line_1_50' title="bbox 359 4573 2130 4634; baseline -0.004 0"><span class='ocrx_word' id='word_1_543' title='bbox 359 4594 495 4634; x_wconf 71' lang='lat' dir='ltr'><strong><em>vitae</em></strong></span> <span class='ocrx_word' id='word_1_544' title='bbox 522 4593 754 4634; x_wconf 70' lang='lat' dir='ltr'><strong><em>Bonifatii.</em></strong></span> <span class='ocrx_word' id='word_1_545' title='bbox 2065 4573 2130 4628; x_wconf 89' lang='grc' dir='ltr'><strong><em>ΙΙ</em></strong></span> 
     </span>
    </p>
   </div>
  </div>
 </body>
</html>
