3167 5192
833 510 1018 567 VI'I’A
1053 510 1368 567 ALTERA
1403 509 1822 567 BONIFATH.
2372 516 2441 568 73

201 716 568 759 manorum
615 696 1036 779 predicator3
1084 695 1206 760 ille
1253 694 1520 761 sedebit
1565 699 1648 758 ut
1693 694 1996 760 iudiceta
2052 696 2127 759 in
2187 696 2439 761 throno

201 783 678 867 apostolorum
698 834 712 861 ,
782 785 914 849 iste
981 806 1023 849 a
1092 776 1390 849 dextrisb
1469 784 1685 848 stabit
1758 784 1833 846 in
1900 804 2186 849 numero
2254 804 2441 849 sanc-

199 874 460 935 torum.
530 873 840 937 Habebit
868 873 1104 957 itaque
1152 894 1306 938 cum
1341 872 1560 937 Paulo
1604 872 1966 937 felicitatis
1997 873 2436 950 consortium,

201 962 292 1024 ad
343 962 540 1025 cuius
587 960 1112 1026 similitudinem
1159 962 1461 1044 suscepit
1506 961 1763 1045 gladii⁰
1819 961 2034 1026 ictum
2084 965 2155 1026 et
2201 963 2439 1027 dereli-

137 1070 166 1110 5
202 1050 377 1133 quid
443 1051 809 1127 mundum;
881 1050 1480 1135 congratulabitur
1539 1052 1773 1115 autem
1834 1056 2093 1135 martyr
2151 1052 2437 1127 martiri,

202 1139 452 1203 doctor
498 1140 928 1223 predicatori,
963 1140 1316 1223 apostolus
1348 1139 1689 1203 sacerdoti
1718 1140 1792 1201 in
1825 1143 2197 1223 conspectu
2229 1136 2434 1205 Iesu‘l

203 1226 473 1292 Christi
518 1228 781 1293 domini
825 1229 1064 1292 nostri.

424 1330 575 1415 (15).
646 1334 963 1419 Peregit⁶
1004 1334 1222 1419 igitur
1253 1338 1531 1399 sanctus
1566 1334 1699 1399 Dei
1731 1334 2132 1399 Bonifacius
2165 1355 2439 1399 cursum

201 1444 406 1486 suum
458 1427 648 1487 stans
679 1427 751 1488 et
782 1444 984 1488 orans
1016 1424 1495 1509 thyrannoque
1526 1423 1802 1505 iugulos
1834 1424 1922 1488 ad
1956 1423 2437 1488 decollandum

117 1534 166 1573 ιο
202 1512 505 1595 prebens
551 1516 797 1596 quarto
848 1516 1003 1597 post
1049 1512 1404 1577 Kalendas
1451 1510 1640 1575 Iunii
1700 1512 1951 1576 mensis
2012 1512 2143 1577 die.
2238 1511 2438 1577 Unde
2458 1534 2556 1577 nm.
2576 1536 2615 1579 ο.

202 1604 275 1665 et
324 1600 508 1665 illud
551 1602 961 1665 tetrasticon
1008 1601 1339 1685 scriptum
1387 1593 1727 1665 habeturf
1766 1604 1837 1664 et
1882 1601 1955 1664 in
1990 1601 2439 1685 depositionis

201 1690 354 1754 eius
403 1690 644 1755 sollem
698 1691 828 1754 niis
874 1690 960 1754 ab
1010 1690 1298 1755 ecclesia
1345 1692 1748 1754 cantaturssz

421 1777 660 1843 Iunius
752 1777 826 1843 in
873 1778 953 1842 N
945 1777 1087 1843 onis
1130 1778 1359 1857 festum
1404 1776 1761 1842 venerabile
1805 1776 1987 1843 nobis

421 1861 730 1931 Αεῖυεῖνίἰ1
744 1917 763 1948 ,
813 1867 1098 1931 exultant
1139 1867 1382 1946 fratre-s·
1427 1886 1567 1931 cum
1614 1864 1853 1931 civibus
1897 1866 1971 1931 in
2016 1861 2203 1948 quok,

119 1975 167 2015 ιε
430 1956 608 2020 Tunc
651 1954 808 2037 quia
852 1956 1127 2021 celorum
1169 1954 1401 2020 meruit
1443 1953 1836 2034 Bonifacius
1881 1955 2017 2020 alta

424 2044 761 2125 Scandere,
798 2050 1169 2127 perpebuwm
1213 2038 1560 2109 mercatus-¹
1620 2042 1937 2125 sanquine
1979 2043 2195 2109 vitam.

422 2145 574 2235 (16).
650 2152 871 2216 Michi
915 2156 1147 2216 autem
1194 2152 1269 2215 in
1315 2151 1554 2216 eadem
1602 2151 1887 2235 regione.
1928 2152 2309 2217 sciscitanti
2356 2153 2441 2217 de

204 2260 307 2318 ee,
359 2241 418 2303 si
473 2240 636 2323 quid
699 2240 992 2305 scribere
1055 2261 1341 2324 possem,
1401 2240 1701 2304 relatum
1762 2243 1868 2303 est
1927 2242 2154 2305 adhuc
2215 2262 2440 2325 super-

205 2330 445 2393 stitem
491 2334 686 2394 essem
733 2329 1076 2413 quandam
1137 2329 1513 2405 mulierem,
1577 2328 1696 2393 sed
1757 2330 1893 2392 iam
1955 2330 2156 2394 valde
2218 2330 2441 2395 decre-

117 2437 170 2476 20
205 2418 447 2501 pitam‚
497 2439 629 2501 que
676 2418 1118 2482 iureiurando
1151 2418 1518 2494 asserebat,
1553 2438 1625 2482 se
1674 2418 2160 2482 decollationi*¹
2200 2420 2440 2483 militis

207 2505 511 2570 Christi⁰
549 2507 766 2571 fuisse
814 2508 1221 2591 presentem,
1273 2507 1701 2589 dicebatque,
1752 2507 1953 2590 quod,
2005 2528 2160 2571 cum
2208 2508 2439 2591 gladio

203 2596 559 2661 feriendus
607 2599 805 2674 esset,
854 2616 1121 2660 sacrum
1171 2595 1666 2680 ewangeliuml’
1706 2596 2009 2660 codicem
2058 2596 2271 2679 capiti
2317 2616 2439 2660 suo

201 2684 631 2768 imposuerit,
680 2688 761 2748 ut
808 2686 935 2749 sub
984 2706 1063 2749 eo
1110 2685 1328 2749 ictum
1376 2684 1791 2767 percussoris
1838 2684 2225 2767 exciperetq
2272 2684 2441 2749 eius-

203 2794 338 2856 que
431 2774 806 2857 presidium
896 2774 1186 2839 haberet
1274 2774 1346 2836 in
1440 2776 1692 2850 morte,
1787 2773 1981 2837 cuius
2071 2773 2439 2838 lectionem

119 2880 169 2920 25
205 2861 544 2926 dilexerat
604 2863 676 2925 in
736 2863 900 2926 vita.
1007 2862 1356 2946 Perempti
1417 2865 1623 2925 sunt*
1692 2865 1924 2925 autem
1987 2865 2057 2927 et
2117 2862 2440 2946 discipuli

205 2949 354 3016 eius
402 2972 558 3015 cum
606 2972 686 3016 eo
732 2952 806 3014 in
862 2952 1012 3015 loco
1074 2952 1189 3034 qui
1240 2950 1604 3034 Dockinga
1651 2951 1905 3015 dicitur
1927 2949 1969 3028 ¹,
2032 2950 2155 3015 ubi
2201 2954 2441 3035 postea

203 3039 277 3103 in
348 3038 605 3103 honore
673 3040 857 3103 tanti
925 3039 1255 3103 martirii⁸
1327 3042 1726 3104 constructa
1794 3043 1899 3105 est
1967 3039 2253 3105 basilica
2328 3061 2440 3104 no·

206 3128 366 3192 bilis
386 3129 428 3207 ²,
475 3129 672 3192 iuxta
718 3149 921 3212 quam
967 3128 1125 3193 fons
1173 3148 1347 3212 aque
1410 3128 1631 3192 dulcis
1695 3133 1991 3204 emanat,
2056 3150 2211 3193 cum
2272 3129 2440 3193 alibi

207 3238 328 3299 per
375 3221 593 3281 totam
641 3218 990 3301 regionem
1051 3216 1245 3281 illam
1307 3217 1483 3281 salse
1544 3220 1616 3281 et
1677 3238 1905 3282 amare
1965 3215 2141 3281 sintt
2200 3239 2373 3301 aque
2394 3218 2437 3279 3.

120 3327 171 3366 ω
206 3304 297 3369 Et
373 3305 612 3370 ferunt
680 3307 866 3371 hunc
941 3306 1208 3371 fontem
1285 3312 1368 3370 a¹¹
1446 3306 1807 3371 Bonifacio
1884 3307 2241 3371 inventum
2319 3312 2432 3369 etv

206 3395 715 3459 sanctificatum
762 3396 952 3459 esse4
995 3396 1288 3479 ideoque
1344 3397 1543 3459 tanta
1605 3395 1970 3459 dulcedine
2029 3396 2437 3479 insignitum

206 3486 277 3547 et
323 3484 668 3567 potationi
715 3488 1119 3548 cunctorum
1169 3484 1334 3547 satis
1383 3485 1920 3549 accommodum.

417 3710 503 3751 111.
561 3710 697 3759 capp.
728 3711 910 3750 14—16.
976 3712 1014 3751 1.
1045 3710 1115 3752 Ξα.
1139 3710 1177 3751 b.

207 3815 248 3867 a)
289 3816 503 3855 videlicet
529 3818 570 3857 1.
708 3818 753 3869 b)
793 3814 991 3857 dexteris
1029 3816 1101 3867 (st.
1133 3818 1235 3867 om.)
1265 3817 1330 3857 2b.
1469 3818 1508 3866 c)
1547 3828 1631 3857 om.
1664 3818 1732 3856 2α.
1755 3818 1793 3857 b.
1934 3818 1978 3869 d)
2018 3818 2060 3860 d.
2089 3830 2133 3859 n.
2166 3818 2202 3857 Ι.
2233 3816 2337 3857 Chr.
2371 3820 2435 3860 212.

121 3869 171 3909 35
207 3870 247 3919 e)
275 3868 432 3917 Pergit
462 3871 527 3910 212.
639 3871 657 3908 t
703 3870 790 3909 hab
819 3872 865 3909 in
893 3881 982 3910 ras.
1015 3870 1080 3909 211.
1192 3871 1234 3921 g)
1265 3871 1440 3909 canitur
1470 3874 1508 3909 et
1535 3871 1639 3909 add.
1670 3868 1791 3909 unde
1819 3880 1976 3910 versus
2006 3872 2046 3911 1.
2148 3872 2195 3923 h)
2226 3872 2363 3911 Imnis
2392 3874 2439 3911 in

205 3924 338 3961 novis
367 3924 432 3965 2a.
539 3924 571 3974 1)
599 3924 642 3963 A
675 3925 800 3963 venit
829 3924 898 3964 za.
921 3924 960 3963 b.
1081 3924 1128 3975 k)
1158 3924 1276 3972 quod
1305 3924 1358 3962 2a
1387 3926 1559 3971 (corn).
1592 3924 1632 3962 b.
1752 3925 1783 3975 l)
1814 3924 1861 3963 in
1888 3925 1991 3965 add.
2023 3926 2090 3964 2α.
2215 3926 2274 3975 m)
2305 3931 2372 3964 est
2404 3926 2439 3966 1.

206 3976 252 4027 n)
290 3974 597 4016 decollacione
627 3978 694 4025 2a,
734 3988 847 4019 corr.
981 3977 1025 4029 ο)
1063 3988 1147 4016 om.
1179 3978 1216 4019 1.
1349 3977 1396 4028 p)
1434 3978 1497 4014 ita
1535 3980 1556 4015 1
1596 3980 1635 4014 et
1662 3988 1737 4024 pr.
1774 3989 1829 4019 m.
1868 3978 1921 4016 2a
1951 3988 2041 4026 pro
2080 3978 2436 4027 euangeliorum3

205 4030 442 4077 ewangelii
462 4030 513 4069 2b
532 4034 570 4068 et
589 4040 610 4068 e
631 4041 743 4073 corr.
761 4031 828 4073 Sa.
927 4032 971 4079 q)
993 4030 1132 4079 accip.
1153 4031 1217 4073 211.
1325 4031 1364 4081 r)
1385 4034 1535 4069 autem
1555 4035 1660 4069 sunt
1680 4031 1755 4079 2b3
1778 4042 1818 4074 a.
1837 4041 1920 4074 om.
1940 4032 2008 4071 2a.
2108 4032 2146 4083 s)
2168 4033 2376 4082 martyris
2397 4034 2437 4073 1.

206 4082 239 4133 t)
267 4088 374 4122 sunt
402 4083 468 4127 2b.
575 4084 621 4135 u)
650 4089 805 4123 sancto
833 4084 934 4127 aad.
965 4086 1001 4126 1.
1109 4085 1155 4136 v)
1185 4095 1236 4122 ac
1266 4085 1336 4126 2ο.

121 4290 173 4329 40
209 4279 260 4342 1)
303 4278 557 4329 Dokkum
592 4281 652 4329 in
689 4279 886 4330 Fresia
923 4279 1248 4333 occidentali.
1393 4280 1450 4347 2)
1492 4280 1575 4343 Cf.
1614 4279 1905 4335 Willibald.
1942 4294 1982 4333 c.
2023 4282 2071 4334 9.
2110 4294 2269 4345 eaque
2304 4294 2439 4346 quae

205 4348 283 4399 ibn·
313 4365 342 4401 e
372 4350 510 4400 Vitis
544 4349 811 4415 Liudqeri
843 4356 889 4401 et
926 4349 1213 4401 willehado·
1247 4351 1413 4401 attuli
1443 4360 1639 4417 (supra
1682 4367 1742 4418 p.
1782 4353 1867 4414 56,
1918 4366 1971 4404 n.
2010 4352 2086 4411 3).
2248 4350 2303 4417 3)
2350 4350 2434 4414 Of.

218 4419 508 4473 willibald.
560 4436 604 4473 c.
641 4424 674 4476 9
725 4424 804 4489 (p.
847 4424 934 4486 57,
973 4424 1049 4484 5).
1229 4424 1290 4489 4)
1338 4421 1506 4473 Immo
1547 4426 1672 4487 post
1720 4426 1937 4473 mortem
1990 4420 2265 4484 Bonifatii
2312 4421 2439 4485 fons

205 4492 444 4543 inventus
477 4506 584 4543 esse
619 4494 800 4556 fertur
833 4496 954 4544 teste
991 4491 1314 4546 Willibaldo.
1976 4526 1979 4531 -
