3167 5192
113 1515 165 1552 10

114 1957 166 1996 15

115 2845 167 2884 85

116 3289 169 3329 30

530 507 724 563 VITA
762 508 1166 564 BONIFATII
1201 509 1563 566 AUCTORE
1600 509 2113 566 WILLIBALDO.
2381 515 2450 570 15

202 692 415 756 rabili
484 693 1039 776 archiepiscopoa
1112 695 1568 775 spontaneum
1649 693 1945 757 scienter
2021 693 2278 758 detulit
2351 715 2449 760 re·

204 800 534 866 sponsum
596 784 667 845 et
736 802 1063 865 magnum
1123 781 1457 845 universis
1519 781 1820 845 contulit
1877 782 2230 864 gaudium.
2345 785 2448 848 Ac

204 871 305 934 sic
337 870 661 954 deinceps
692 871 867 933 mira
906 870 1436 954 dispensationis
1468 869 1602 934 Dei
1646 864 2157 935 benivolentiab
2198 892 2449 936 nomen

204 959 355 1024 eius
404 958 843 1022 diffamatum
890 961 995 1023 est
1056 962 1127 1022 et
1188 957 1455 1022 celebre
1517 959 1702 1043 apud
1763 979 1998 1023 omnes
2059 963 2204 1023 tam
2265 980 2449 1025 secu-

203 1047 385 1111 lares
447 1047 825 1131 dignitates
894 1067 1099 1129 quam
1169 1047 1419 1111 etiam⁰
1486 1043 1977 1112 ecclesiasticid
2038 1048 2292 1113 officii⁰
2349 1070 2448 1113 or·

205 1136 405 1200 dines
466 1135 871 1212 habebatur,
942 1136 1043 1199 ita
1103 1138 1203 1212 ut,
1276 1135 1521 1199 amodo
1580 1136 1719 1199 iam
1779 1136 1851 1199 in
1915 1137 2232 1200 futurum
2303 1158 2449 1221 pro·

204 1225 463 1298 ficienS,
527 1224 843 1308 synodali
902 1224 1252 1307 sepissime
1312 1245 1549 1288 eorum
1616 1219 1995 1288 intereratf
2053 1225 2382 1290 instituto
2397 1223 2446 1285 *.

423 1313 558 1377 Sed
627 1314 834 1395 quia&
907 1333 1098 1377 mens
1168 1313 1378 1376 etiam
1448 1313 1599 1377 Deo
1669 1306 2031 1377 dedicatall
2095 1314 2448 1379 favoribus

202 1423 344 1466 non
394 1400 761 1465 adtollitur
806 1401 1126 1464 humanis
1156 1421 1283 1465 nec
1316 1401 1640 1466 laudibus
1673 1401 2092 1480 sublevatur,
2128 1407 2448 1488 coeperat

206 1492 293 1554 ad
343 1490 485 1554 alia
531 1490 752 1554 multa
797 1489 1289 1554 sollicitudinis
1336 1511 1499 1554 cura
1546 1491 1902 1556 adtentius
1950 1511 2315 1574 properare
2376 1495 2448 1556 et

205 1583 573 1664 parentum
645 1572 1148 1662 adfiniumquei
1230 1600 1510 1642 suorum
1586 1579 1931 1643 consortia
2000 1580 2306 1644 devitare
2377 1583 2448 1645 et

204 1668 572 1752 peregrina
640 1668 859 1750 magis
936 1689 1143 1750 quam
1211 1670 1543 1750 paternae
1623 1668 2029 1732 hereditatis
2107 1672 2448 1732 terrarum

206 1757 361 1821 loca
410 1756 821 1821 desiderare.
915 1756 1050 1820 Sed
1100 1777 1253 1820 cum
1302 1756 1397 1820 sic
1446 1755 1654 1838 longo
1700 1757 2032 1840 temporis
2077 1757 2445 1822 intervallo

206 1865 440 1909 secum
487 1838 1000 1910 sollertissimek
1039 1845 1472 1921 deliberaret,
1522 1849 1602 1908 ut
1649 1845 1945 1928 patriam
1993 1849 2446 1928 parentesque

207 1936 577 2010 desereret,
624 1934 927 2010 tandem,
978 1939 1254 2017 arrepto
1301 1933 1545 1998 beatae
1593 1934 1960 1998 memoriae
1993 1937 2063 1998 et
2109 1935 2447 2017 praedicti

206 2023 425 2106 patris
486 2023 829 2099 consultu,
893 2025 1143 2087 cuncta
1211 2015 1460 2086 animil
1534 2023 1642 2085 sui
1712 2025 1975 2087 secreta
2033 2023 2220 2086 intra
2289 2044 2446 2087 con-

204 2111 566 2176 scientiam
611 2113 771 2175 ante
820 2116 951 2175 eam
982 2111 1389 2174 abscondita
1434 2113 1758 2195 patenter
1787 2111 2061 2195 aperuit
2093 2114 2164 2175 et
2195 2132 2448 2196 magna

204 2205 581 2285 preeuum11
618 2199 956 2263 instantia
1002 2199 1090 2263 ad
1139 2219 1545 2264 consensum
1595 2219 1760 2264 suae
1805 2199 2186 2264 voluntatis
2224 2201 2448 2264 sancti

202 2289 335 2352 viri
397 2289 703 2352 animum
764 2289 1181 2371 provocavit.
1299 2287 1435 2366 Qui
1503 2289 1734 2363 etiam,
1806 2309 2058 2372 magna
2128 2289 2446 2374 primitus

203 2377 665 2442 admiratione
710 2377 1256 2461 obstupefactus,
1307 2377 1622 2461 poscenti
1669 2397 1832 2442 sane
1887 2376 2446 2461 supplicantique

204 2466 676 2530 desideratum
737 2465 826 2529 ad
885 2470 1159 2548 tempus
1220 2466 1640 2529 contradixit
1698 2467 1850 2542 iter,
1912 2469 1993 2528 ut
2055 2467 2238 2550 cepti
2298 2487 2446 2549 pro-

203 2554 417 2639 positi
450 2554 723 2620 sedaret
752 2555 1197 2631 industriam;
1234 2553 1354 2618 sed
1387 2555 1475 2617 ad
1508 2557 1911 2631 extremum,
1945 2555 2436 2618 invaliscente⁰

204 2643 705 2727 omnipotentis
766 2643 900 2707 Dei
960 2643 1413 2726 providentia,
1479 2643 1832 2706 convaluit
1903 2643 2152 2707 etiam⁰
2224 2663 2444 2706 sermo

204 2733 532 2815 petentis.
626 2731 759 2795 ΕΗ)
813 2735 1015 2796 ‘tanta
1060 2731 1332 2795 abbatis
1377 2731 1812 2814 fratrumque
1874 2751 2150 2795 suorum
2214 2751 2446 2795 secum

202 2821 333 2885 sub
381 2820 688 2905 regulari
733 2819 1100 2904 disciplina
1145 2820 1526 2884 viventium
1574 2820 1938 2884 devotione
1986 2821 2439 2904 adoptatum‘l

200 2910 654 2974 inchoaverat
712 2909 866 2985 iter,
940 2909 1350 2992 dominoque
1412 2909 1560 2973 Deo
1634 2909 2093 2992 dispensante,
2157 2909 2448 2992 comple-

201 3001 472 3074 veratr,
535 3001 653 3061 ut⁸
713 2999 777 3063 ei
838 2999 1048 3062 etiam
1109 2998 1395 3060 humani
1457 3001 1774 3080 sumptus
1834 2997 2090 3061 solacia
2148 2996 2449 3061 libenter

202 3086 669 3171 inpenderent
738 3089 809 3150 et
877 3106 1130 3169 magna
1199 3087 1423 3150 cordis
1486 3086 1946 3151 commotione
2009 3086 2446 3150 lacrimarum

205 3175 475 3240 diutius
534 3175 917 3240 infusiones
978 3174 1502 3258 orationumque
1572 3174 2112 3260 supplicationes
2173 3195 2296 3259 pro
2367 3195 2447 3239 eo

204 3265 296 3328 ad
350 3261 761 3328 Dominumt
817 3263 1214 3328 fuderentu.

426 3353 561 3416 Hic
611 3352 819 3418 etiam
870 3353 1054 3429 dum,
1117 3352 1415 3436 spiritali
1477 3352 1909 3416 confortatus
1966 3356 2315 3417 armatura
2377 3356 2448 3416 et

206 3441 505 3507 secula-ri
550 3441 961 3505 sublimatus
1000 3444 1357 3524 sumptura
1379 3440 1420 3517 1,
1469 3440 1830 3522 utriusque
1863 3441 2046 3505 vitae
2084 3440 2447 3524 stipendiis

206 3531 493 3595 minime
541 3523 823 3608 car'eret,
874 3529 1208 3594 adhibitis
1255 3549 1488 3594 secum
1535 3528 1804 3593 duobus
1852 3533 1974 3592 aut
2033 3529 2256 3593 tribus
2316 3529 2449 3594 fra-

434 3685 489 3752 *)
532 3683 771 3752 alioquin
823 3681 999 3736 omnis
1042 3682 1279 3750 synodus
1316 3681 1410 3736 illo
1464 3683 1688 3736 absente
1739 3682 1827 3735 vel
1877 3686 2182 3736 cassaretur
2229 3682 2317 3736 vel
2367 3681 2448 3736 in-

532 3759 728 3823 coepta
782 3754 1103 3821 solveretur,
1157 3756 1329 3821 inepte
1381 3755 1535 3806 addit
1587 3760 1910 3806 retractator
1963 3755 2154 3808 codicis
2205 3755 2449 3811 Bruoeell.

529 3844 583 3881 n.
624 3828 940 3882 18644—52
977 3826 1042 3892 (l.
1084 3826 1121 3885 l,
1163 3842 1223 3892 p.
1262 3827 1373 3891 55).

425 3969 463 4007 1.
510 3968 618 4018 Gap.
646 3968 689 4007 4.
748 3970 786 4011 1,
816 3967 887 4009 sa.
907 3969 997 4010 hc.
1028 3969 1068 4009 3.
1098 3969 1137 4009 4.

209 4037 254 4090 a)
282 4038 511 4088 archisfix‘n
527 4039 582 4087 (¹2)
610 4039 651 4088 3,
680 4049 791 4081 corr.
926 4037 973 4089 b)
1001 4038 1308 4079 benivolentia.
1336 4040 1376 4088 1,
1407 4048 1520 4080 corr.
1659 4036 1700 4088 c)
1729 4049 1810 4080 om.
1841 4039 1878 4081 1.
2014 4036 2062 4085 d)
2099 4039 2347 4079 ecclesiasti
2376 4050 2450 4088 pr.

210 4104 269 4135 m.
300 4094 349 4143 13
380 4092 683 4132 ecclesiastico
703 4103 776 4140 pr.
795 4103 852 4134 m.
879 4093 949 4134 2α.
1059 4091 1101 4142 e)
1135 4089 1306 4131 ordinis
1326 4102 1403 4140 pr.
1420 4103 1477 4134 m.
1502 4102 1615 4134 corr.
1643 4091 1778 4131 officii
1807 4093 1846 4134 8.
1952 4092 1989 4139 f)
2017 4093 2212 4132 intereat
2241 4094 2280 4140 1,
2311 4102 2449 4139 corr„-

210 4147 451 4186 interesset
477 4146 503 4184 3
539 4150 578 4184 et
605 4156 661 4187 m.
688 4145 749 4187 al.
775 4145 897 4188 soah.
1028 4143 1073 4194 g)
1104 4130 1134 4194 ἆ
1152 4156 1227 4195 pr.
1246 4157 1303 4185 m.
1330 4155 1445 4186 corr.
1473 4125 1531 4191 da
1561 4147 1598 4186 1.
1723 4143 1771 4193 h)
1800 4146 1896 4186 Deo
1924 4145 2072 4184 dicata
2101 4148 2138 4188 1.
2164 4147 2223 4184 4α
2249 4150 2358 4190 (non
2384 4146 2448 4194 4).

212 4200 245 4247 1)
272 4196 352 4250 (ad
370 4210 450 4248 pr.
467 4210 525 4241 m.
553 4199 599 4236 in
626 4197 858 4247 Interamn.
888 4200 927 4240 1.
1050 4197 1098 4246 k)
1126 4199 1224 4246 so(ll
1254 4210 1313 4241 m.
1340 4198 1398 4240 al.
1426 4199 1473 4236 tn
1500 4209 1592 4240 ras.
1618 4199 1946 4245 mauram-fisa.
1973 4199 2041 4241 2a.
2165 4199 2198 4245 l)
2227 4199 2386 4237 animis
2406 4199 2445 4238 1.

212 4253 272 4300 m)
301 4253 364 4290 ita
392 4253 430 4294 1.
455 4252 507 4302 Δις
537 4255 674 4292 antea
700 4251 821 4294 absc.
848 4251 943 4294 rou.
1078 4251 1127 4301 n)
1154 4253 1218 4290 tea
1237 4263 1315 4301 pr.
1342 4263 1402 4289 m.
1431 4253 1481 4301 13
1512 4262 1695 4299 precum
1722 4251 1819 4290 rell.
1956 4253 2000 4299 ο)
2032 4251 2096 4288 tta
2124 4251 2203 4301 2a3
2233 4251 2449 4291 invalesc-

212 4306 305 4348 roll.
413 4307 461 4354 p)
487 4303 551 4345 Bt
578 4305 692 4344 tanti
710 4316 788 4355 pr.
811 4316 865 4347 m.
894 4305 971 4355 2213
1001 4308 1052 4344 ut
1080 4305 1192 4345 tanti
1218 4306 1262 4348 4.
1367 4306 1415 4352 q)
1441 4308 1642 4352 optatum
1673 4304 1904 4344 inchoaret
1929 4305 1969 4346 4.
2078 4306 2116 4352 r)
2145 4304 2392 4353 compleret
2408 4306 2449 4346 4.

210 4361 251 4407 s)
277 4369 366 4408 qus
394 4359 500 4398 aad.
526 4360 569 4400 4.
676 4356 711 4408 t)
740 4359 885 4398 Deum
915 4360 953 4401 1.
1061 4357 1107 4408 u)
1135 4359 1199 4396 ua
1224 4369 1301 4406 pr.
1329 4369 1387 4400 m.
1415 4359 1456 4397 1.
1483 4357 1553 4400 2a.
1572 4358 1626 4405 b,·
1653 4355 1892 4397 funderent
1919 4357 2018 4406 roll..

119 4507 175 4546 45
214 4482 266 4552 1)
305 4483 351 4537 Ι.
390 4499 440 4549 q.
476 4481 629 4547 bona,
666 4481 963 4547 facultates.
1040 4481 1133 4533 Du
1171 4480 1363 4548 Canye.
