3167 5192
712 465 821 521 104
891 461 1084 519 VITA
1108 460 1429 532 QUARTA
1460 460 1868 517 BONIFATII
1900 460 2259 517 AUCTORE
2291 460 2774 518 MOGUNTJNO.

1108 639 1261 729 (12).
1354 645 1517 710 De*
1570 645 1970 710 mirabili
2031 646 2552 729 piscatione.

931 768 1094 833 Fuit
1162 762 1482 853 quidamb
1551 771 1930 835 monachus
2000 771 2239 835 eodem
2301 775 2612 855 tempore
2673 770 2954 835 nomine

712 859 980 935 Ritant‚
1028 859 1287 923 frater⁰
1332 858 1700 923 Wolfmari
1745 860 2127 943 piscatoriS,
2176 860 2294 943 qui
2341 864 2412 923 et
2449 862 2595 944 ipse
2627 859 2951 944 piscator.

717 947 848 1013 Cui
909 942 1038 1012 ab‘¹
1107 948 1359 1012 abbate
1420 952 1583 1012 suo⁰
1655 942 2093 1013 sturmionef
2158 970 2359 1033 prece
2409 952 2560 1012 tum
2626 952 2752 1025 est,
2817 949 2950 1011 adg

718 1037 1093 1101 adventum
1180 1029 1573 1121 hospitum¹¹
1657 1040 1826 1101 tunc
1911 1037 2338 1102 venientium
2393 1088 2408 1113 ,
2487 1038 2650 1121 quia
2725 1038 2956 1101 adhuc
2991 1057 3018 1097 ⁵

716 1129 949 1211 preter
993 1124 1101 1189 lac
1149 1129 1220 1189 et
1266 1125 1590 1209 butyrum
1640 1129 1710 1191 et
1758 1146 2030 1190 caseum
2075 1147 2217 1189 non
2262 1126 2481 1191 multe
2529 1127 2768 1191 delitie
2805 1120 2952 1189 ibik

714 1214 1019 1291 fuerant,
1053 1217 1133 1277 ut
1164 1214 1467 1298 piscibus
1506 1215 1942 1299 congregatis
1981 1209 2362 1299 susceptio¹
2409 1216 2956 1299 previdereturm.

722 1302 916 1368 Tunc
972 1304 1405 1387 supradictus
1463 1303 1685 1368 frater
1729 1304 2042 1381 Ritant¹¹‚
2105 1305 2325 1369 sciens
2386 1305 2615 1368 locum
2677 1307 2961 1389 propter

722 1392 1064 1457 edifitium
1118 1393 1276 1475 qui⁰
1337 1393 1737 1456 nominatur
1779 1394 2130 1476 vulgarico
2185 1393 2957 1469 Aucarum·domusl‘·1‚

722 1482 845 1546 ubi
906 1481 1036 1545 sibi
1096 1502 1466 1564 numquam
1530 1482 1752 1565 pisces
1810 1484 2123 1555 deerant,
2185 1482 2398 1546 illueq
2467 1503 2754 1567 propere
2815 1503 2960 1565 pre·
2997 1503 3045 1541 10

721 1573 969 1654 ceptor
1022 1571 1351 1635 obediens
1410 1572 1498 1633 ad
1544 1570 1770 1634 lacum
1837 1572 2159 1635 cucurrit.
2251 1572 2386 1635 Ut*
2445 1573 2532 1635 ad
2595 1572 2961 1656 paululum

723 1660 864 1723 iam
912 1660 1101 1723 dicta
1148 1660 1564 1742 contingam,
1613 1663 1923 1743 tempore
1972 1661 2308 1724 adventus
2355 1662 2578 1725 sancti
2633 1661 2958 1744 corporis,

727 1749 892 1811 dum
941 1768 1012 1812 se
1059 1748 1326 1831 aptavit
1372 1748 1740 1813 extendere
1789 1749 1950 1827 lina,
1999 1749 2230 1813 subito
2277 1770 2512 1814 omnes
2544 1751 2769 1833 quiin
2801 1750 2963 1813 lacu

726 1840 927 1901 erant
958 1837 1187 1920 supini
1231 1837 1306 1899 in
1337 1836 1692 1920 superfitie
1725 1858 2058 1919 aquarum
2090 1839 2634 1902 ostendebantur
2672 1840 2896 1923 pisces
2916 1840 2959 1913 ²,

726 1926 1104 2007 eodemque
1152 1929 1499 1989 momento
1545 1926 1618 1989 in
1666 1926 1991 1991 inferiore
2040 1930 2233 2010 parte
2278 1927 2583 1991 fluminis
2629 1929 2963 1992 audiebat
2997 1945 3044 1984 1⁵

727 2013 1090 2079 collectam
1111 2013 1136 2052 3
1195 2010 1271 2077 at
1342 2018 1669 2079 cantante
1729 2017 2078 2090 cantareu,
2140 2037 2275 2098 quo
2336 2020 2653 2081 sanctum
2714 2038 2962 2101 corpus

727 2123 934 2186 super
993 2106 1274 2186 pontem
1344 2103 1772 2186 portabatur.
1888 2104 1979 2167 Et
2045 2106 2149 2168 ita
2215 2105 2431 2168 nichil
2501 2106 2958 2170 laboriosiusv

725 2192 801 2255 in
868 2191 1248 2274 piscatione
1317 2192 1568 2275 agebat
1587 2244 1602 2270 ‚
1681 2193 1814 2256 nisi
1882 2195 2363 2258 tantummodo
2433 2194 2826 2279 colligendo
2891 2198 2964 2258 et

725 2279 1116 2344 naviculam
1177 2280 1611 2365 implendoW3
1683 2282 1772 2346 ad
1842 2282 2047 2346 huius
2112 2283 2248 2347 diei
2316 2284 2708 2367 hospitibus
2778 2284 2964 2347 suffi-
3114 2350 3116 2355 ,

727 2370 1068 2434 cientem¹
1103 2373 1377 2454 pastum
1411 2370 1499 2434 ad
1531 2372 2067 2435 monasteriumy
2097 2391 2327 2436 secum
2362 2372 2730 2437 detulerat.
2807 2372 2962 2436 Hoc
2997 2390 3045 2427 ὀ
3115 2402 3117 2405 ⁴

728 2458 1079 2541 signorum
1143 2460 1228 2523 de
1275 2458 1533 2536 multiS,
1596 2480 1728 2542 que
1790 2481 1911 2543 per
1969 2463 2284 2524 sanctum
2344 2465 2716 2545 martyrem
2763 2462 2963 2525 Boni·

728 2547 1020 2611 fatium²
1065 2548 1299 2611 divina
1346 2548 1562 2611 virtus
1613 2549 2031 2632 dignabatur
2075 2551 2460 2628 ost-endere,
2509 2554 2670 2635 post
2715 2554 2964 2634 marty-

728 2637 908 2699 rium
955 2637 1099 2700 eius
1144 2638 1219 2700 in
1266 2637 1508 2701 eodem
1553 2637 1707 2701 loco
1754 2638 2032 2702 initium
2078 2642 2296 2702 erata.

943 2740 1101 2820 (13).
1214 2735 1505 2807 Posteab
1572 2743 1788 2826 igitur
1851 2743 2338 2809 Willibaldus⁰
2407 2746 2623 2809 vitam
2693 2766 2962 2811 conver-

728 2831 1202 2913 sationemque
1247 2832 1377 2895 viri
1409 2832 1542 2895 Dei
1587 2852 1855 2897 necnon
1903 2836 1974 2897 et
2021 2829 2474 2917 passionemd,
2523 2835 2689 2917 quia
2734 2836 2962 2899 adhuc
2997 2849 3046 2889 ²⁶

942 3058 997 3099 V.
1055 3058 1190 3106 eapp.
1221 3058 1287 3097 12.
1318 3059 1384 3100 13.
1449 3059 1489 3098 1.
1518 3059 1563 3097 F
1582 3060 1641 3106 (c.
1663 3059 1732 3101 28.
1761 3060 1850 3109 29).

728 3164 774 3213 a)
803 3164 873 3202 De
900 3163 1094 3203 mirabili
1121 3188 1171 3194 —
1192 3175 1245 3212 p.
1267 3164 1361 3213 105,
1383 3164 1408 3203 6
1436 3171 1678 3213 appareret
1705 3177 1789 3205 om.
1819 3166 1861 3205 2.
1971 3166 2016 3214 b)
2046 3166 2098 3205 F.
2128 3165 2178 3205 in
2206 3163 2365 3205 codem
2394 3170 2427 3205 t.
2457 3167 2505 3205 in
2531 3166 2748 3207 Fuldensi
2775 3168 2963 3207 cenobio

730 3227 805 3265 qu.
836 3228 894 3255 m.
924 3228 970 3255 n.
999 3217 1053 3256 F.
1190 3218 1231 3270 c)
1270 3218 1507 3266 piscatoris
1535 3219 1732 3258 officium
1760 3230 1920 3266 gerens
1942 3230 2034 3269 pro
2062 3220 2203 3258 trater
2233 3241 2281 3248 —
2311 3220 2509 3268 piscator
2536 3220 2590 3259 F.
2730 3221 2773 3268 d)
2811 3222 2874 3258 ita
2899 3220 2965 3267 F,-

728 3281 814 3309 0m.
846 3270 885 3309 1.
917 3268 983 3309 1*.
1147 3272 1187 3319 e)
1226 3272 1476 3311 venerabili
1505 3272 1604 3311 viro
1632 3272 1734 3311 add.
1754 3273 1817 3315 F.
1981 3274 2017 3320 f)
2053 3274 2116 3311 ita
2143 3274 2206 3321 F,·
2234 3272 2506 3323 sturmyone
2535 3274 2576 3315 1.
2743 3277 2785 3322 g)
2824 3276 2880 3313 ob
2907 3275 2960 3312 F.

728 3323 777 3373 h)
821 3334 923 3361 cum
959 3323 1093 3372 gleba
1128 3325 1274 3363 sancti
1312 3325 1509 3364 martiris
1544 3326 1648 3364 aad.
1685 3325 1738 3364 F.
1876 3327 1907 3376 1)
1950 3327 2293 3366 adventant-,ium
2329 3327 2382 3365 F.
2518 3326 2565 3376 k)
2602 3326 2667 3364 ita
2697 3327 2742 3365 F
2749 3340 2768 3375 ,·
2805 3338 2891 3366 om.
2922 3328 2960 3367 1.
2997 3330 3043 3369 80

730 3376 763 3425 1)
791 3377 1023 3425 subceptio
1051 3377 1092 3426 1,
1120 3386 1237 3416 corr.
1375 3378 1435 3430 m)
1464 3376 1643 3426 provid.
1673 3380 1734 3417 At
1762 3380 1815 3427 (s.
1846 3380 1904 3418 fr.
1933 3380 1988 3419 R.
2019 3380 2128 3431 ont.)
2154 3381 2297 3419 sciens
2324 3381 2376 3419 F.
2513 3382 2560 3429 n)
2598 3380 2664 3418 ita
2690 3380 2767 3429 1‘3
2795 3381 2964 3431 Rytant

728 3430 810 3469 hoc
829 3430 923 3469 loco
943 3430 983 3469 1.
1066 3431 1109 3479 o)
1130 3431 1193 3468 ita
1210 3430 1274 3479 F;
1292 3428 1413 3478 quod
1433 3433 1471 3472 1.
1568 3432 1614 3483 p)
1633 3432 1864 3471 ancarlnm
1884 3431 1928 3473 d.
1951 3436 1991 3473 1.
2084 3434 2129 3482 q)
2150 3432 2226 3473 ilic
2245 3435 2293 3484 13
2315 3435 2345 3473 i.
2369 3444 2496 3483 prop.
2517 3445 2602 3473 om.
2621 3434 2675 3472 F.
2769 3437 2809 3483 r)
2827 3435 2966 3482 patris

729 3484 835 3523 add.
864 3484 917 3522 F.
1056 3484 1093 3531 s)
1135 3489 1181 3522 et
1209 3488 1257 3523 ut
1285 3495 1330 3532 p.
1362 3484 1411 3523 F.
1550 3486 1583 3533 t)
1627 3495 1655 3522 a
1683 3496 1722 3523 c.
1763 3496 1846 3525 om.
1875 3487 1929 3526 F.
2065 3488 2111 3535 u)
2154 3488 2216 3525 aa
2252 3488 2292 3527 1.
2323 3487 2392 3527 1¹¹².
2419 3487 2472 3525 F.
2610 3486 2660 3537 v)
2699 3499 2746 3527 n.
2787 3488 2963 3527 omnino

727 3538 896 3577 laboris
913 3537 965 3575 F.
1063 3538 1121 3585 w)
1152 3542 1203 3576 ut
1229 3538 1331 3576 aad.
1362 3542 1401 3575 ct
1428 3536 1551 3583 infra
1578 3538 1775 3577 deferret
1801 3540 1851 3580 F.
1949 3539 1996 3591 x)
2025 3541 2087 3578 ita
2114 3540 2190 3592 1‘3
2221 3542 2518 3581 sustinentem
2538 3540 2586 3592 1;
2614 3540 2894 3580 sufficienter
2910 3542 2961 3579 F.

728 3590 777 3643 y)
815 3592 878 3628 ita
906 3590 969 3631 1¹⁸¹.
996 3590 1041 3629 F
1045 3602 1063 3637 ,-
1098 3592 1389 3630 ministerium
1417 3591 1459 3633 1.
1594 3591 1632 3639 z)
1671 3591 1951 3631 Bonitaoium
1982 3594 2048 3633 1⁸¹.
2078 3594 2132 3633 F.
2266 3595 2310 3643 a)
2348 3595 2435 3633 fuit
2468 3594 2520 3635 F.
2662 3593 2708 3643 b)
2745 3596 2858 3634 Post
2883 3595 2964 3633 hec
2997 3593 3041 3635 35

728 3654 831 3693 ego
860 3644 1143 3684 willibaldus
1174 3645 1479 3693 episcopus
1508 3645 1649 3683 vitam
1678 3656 1809 3684 conv.
1839 3646 1960 3686 beati
1987 3648 2184 3687 martiris
2210 3648 2435 3687 Bonitacii
2462 3658 2638 3687 necnon
2665 3648 2720 3687 F.
2831 3648 2874 3699 c)
2906 3650 2965 3685 ita

729 3697 796 3737 1¹⁸.
825 3697 890 3746 F,·
916 3694 1216 3747 Willybaldus
1245 3698 1285 3738 1.
1396 3697 1441 3748 d)
1470 3699 1566 3737 eius
1594 3698 1697 3736 aad.
1726 3698 1779 3737 F.

731 3872 785 3943 1)
835 3876 1135 3940 Aucarum,
1185 3890 1438 3925 anserum
1488 3875 1643 3939 (Ital.
1687 3874 1829 3941 ‘oca',
1888 3876 2030 3929 Gall.
2069 3877 2235 3943 (οἰῶ),
2416 3877 2470 3948 2)
2521 3880 2963 3931 Narratt'uncula

726 3944 906 3997 eadem
955 3946 1070 4008 fere
1118 3947 1231 3996 iam
1278 3948 1339 3997 in
1376 3946 1503 3997 Vita
1538 3946 1584 3999 I.
1622 3946 1888 3997 Pirmt'nii
1936 3961 1977 4001 ο.
2020 3950 2086 4002 10
2134 3949 2255 4015 (SS.
2307 3949 2432 4013 XV,
2482 3952 2580 4015 30)
2628 3951 2812 4001 relata
2860 3956 2961 4002 cst.-

726 4014 804 4069 Et
863 4019 993 4067 tunc
1053 4015 1292 4069 clemens
1345 4014 1493 4070 Deus
1546 4016 1606 4068 in
1661 4015 1899 4069 adventu
1953 4017 2128 4070 sancti
2181 4017 2452 4072 Bonifacii
2505 4020 2826 4073 recordatus
2887 4025 2962 4073 est
2993 4029 3036 4068 ιο

726 4086 919 4155 populi
957 4102 1024 4138 ex
1060 4087 1257 4141 itinere
1294 4087 1528 4157 fatigati,
1566 4088 1710 4154 quia,
1749 4088 1843 4156 qui
1895 4086 2189 4155 aliquando
2236 4089 2294 4142 in
2343 4090 2557 4144 deserto
2609 4091 2741 4145 alite
2791 4092 2961 4144 multo

726 4158 883 4225 pavit
916 4158 1183 4226 populum
1219 4158 1584 4224 innumerum,
1639 4158 1762 4211 istic
1802 4160 1870 4212 ab
1909 4176 2069 4213 amne
2118 4160 2198 4213 ibi
2245 4160 2448 4215 fluente
2497 4162 2732 4231 piscium
2783 4162 2961 4215 multi-

728 4228 975 4281 tudinem
1014 4228 1244 4283 ebullire
1282 4229 1431 4297 fecit‚
1468 4229 1545 4281 ita
1581 4233 1646 4282 ut
1680 4232 1915 4298 populus
1953 4248 2022 4283 ex
2065 4230 2258 4285 itinere
2308 4232 2476 4285 lassus
2531 4237 2588 4286 et
2637 4232 2788 4287 fame
2838 4251 2960 4287 con-

728 4298 951 4352 strictus
986 4300 1265 4368 copiosam
1300 4300 1692 4353 abundantiam
1731 4301 1837 4354 sibi
1872 4302 2184 4371 recepisset,
2236 4306 2292 4355 et
2333 4303 2402 4357 de
2437 4303 2540 4357 Dei
2588 4303 2961 4359 misericordia

729 4368 863 4422 laeti
900 4373 1062 4438 atque
1097 4372 1321 4425 iocundi
1357 4371 1640 4424 redierunt
1689 4372 1756 4424 ad
1807 4374 2047 4441 propria.
2230 4375 2286 4443 3)
2338 4376 2382 4431 Ι.
2419 4392 2460 4434 e,
2514 4378 2846 4440 orationem,·
2891 4377 2956 4441 cf.
2989 4382 3035 4423 4⁶

727 4440 823 4491 Du
860 4441 1036 4507 Canae
1070 4444 1172 4508 (orl.
1212 4444 1474 4496 Henschel
1505 4443 1583 4509 II,
1619 4446 1767 4505 431).
