3167 5192
822 542 1015 597 VITA
1051 542 1339 598 TERTIA
1375 544 1794 603 BONIFATH.
2352 552 2424 606 85

184 727 448 791 etenim
499 726 838 810 condigne
887 730 1264 810 susceptae,
1315 730 1732 793 consociavit
1778 730 1909 793 sibi
1952 730 2131 794 illud
2165 735 2423 815 specta·
2439 720 2757 821 ‚fisstssfilg'f’m'‘

182 815 334 880 bile
381 814 768 899 collegium,
819 816 1002 898 quod
1046 816 1145 879 ibi
1188 816 1420 881 fuerat
1466 839 1508 881 a
1553 822 1791 883 sancto
1826 818 2179 885 Clemente
2199 819 2224 858 ²
2271 840 2421 884 con·

273 924 312 969 e
363 907 577 968 atum.

183 924 272 987 gr
313 923 362 987 g
405 987 514 1077 (8).
606 992 867 1057 Mansit
914 997 1147 1058 autem
1192 993 1476 1078 longum
1527 998 1802 1079 tempus
1861 996 1935 1058 in
1994 997 2231 1061 eodem
2287 1000 2419 1083 epi·

115 1102 144 1143 5
182 1081 492 1165 scopioss,
557 1081 772 1145 divini
817 1082 1009 1146 verbi
1054 1081 1311 1166 pabula
1371 1083 1634 1148 crudeli
1681 1078 2095 1148 F'resonumb
2152 1085 2418 1149 affatim

182 1170 722 1234 subministrans
767 1170 1023 1256 populo
1080 1192 1157 1235 ac
1203 1172 1599 1235 rudimenta
1659 1172 1839 1249 fidei,
1904 1194 2077 1256 quae
2136 1173 2420 1239 iniciata

179 1259 472 1324 fuerant
541 1279 582 1323 a
640 1262 880 1324 sancto
941 1258 1296 1325 Clemente
1317 1260 1359 1337 ²,
1421 1263 1657 1325 sancte
1723 1261 2208 1344 predicationis
2269 1283 2419 1327 con·

180 1348 470 1411 firmans
518 1347 964 1412 muniminee.
1058 1347 1229 1411 Cum
1279 1351 1512 1413 autem
1559 1349 1763 1413 beato
1810 1346 2164 1433 pontificid
2219 1350 2421 1415 Boni-

178 1437 408 1501 fatio⁰
466 1437 880 1521 martyrique
935 1436 1176 1501 futuro
1225 1458 1387 1502 suae
1433 1438 2005 1521 peregrinationis
2050 1440 2419 1505 inmineret

88 1548 142 1586 10
179 1526 546 1608 premium,
609 1529 689 1588 ut
735 1526 1042 1609 preciosa
1087 1529 1307 1589 morte
1353 1526 1438 1590 ab
1487 1527 1618 1591 hoc
1666 1526 1896 1591 seculo
1944 1528 2271 1611 migraret
2328 1529 2416 1593 ad

179 1614 587 1690 Dominum,
659 1614 820 1696 quia
872 1612 1167 1695 preciosa
1227 1617 1330 1679 est
1389 1612 1464 1677 in
1530 1621 1854 1695 conspectu
1911 1615 2182 1680 Domini
2247 1637 2419 1681 mors
2438 1640 2509 1683 rs.
2527 1640 2620 1690 115,
2638 1641 2700 1682 ιε.

177 1707 551 1767 sanctorum
596 1700 748 1782 ein-5,
799 1702 1044 1767 didicit
1089 1722 1212 1787 per
1243 1703 1540 1786 Spiritus
1586 1704 1810 1768 sancti
1854 1706 2147 1787 gratiam
2191 1705 2416 1770 felicis

179 1791 504 1875 martyrii
549 1811 620 1856 se
667 1791 895 1855 subire
944 1791 1192 1857 debere
1224 1792 1604 1856 victoriam.
1683 1792 1815 1857 Sed
1866 1794 2026 1877 quia
2071 1792 2178 1857 illi
2209 1796 2416 1858 vestis

181 1880 524 1964 nuptialis
586 1901 725 1944 non
789 1880 1044 1957 deerat,
1117 1880 1205 1944 ad
1274 1882 1561 1945 eandem
1632 1881 1931 1964 palmam
2001 1882 2132 1946 sibi
2199 1883 2415 1948 socios
2437 1870 2662 1973 {ssffff‘h’

90 1990 141 2029 15
180 1968 513 2051 elegerat,
564 1969 735 2033 alios
783 1963 907 2033 exf
959 1967 1099 2033 illis
1145 1990 1314 2052 quos
1359 1969 1550 2033 illicg
1600 1971 1978 2049 invenerat,
2028 1964 2240 2035 aliosh
2285 1965 2401 2036 exi

179 2057 330 2121 illis
391 2078 560 2141 quos
617 2052 831 2122 illuek
884 2058 1283 2136 adduxerat,
1346 2059 1464 2141 qui
1518 2079 1643 2142 pro
1693 2057 1969 2123 Christo
2015 2060 2276 2125 vellent
2320 2061 2416 2123 in-

177 2139 480 2230 trepidi¹
554 2146 919 2231 gloriosam
989 2150 1274 2211 mortem
1348 2147 1576 2211 subire
1648 2148 1977 2233 martyrii.
2092 2148 2278 2213 Sedm
2337 2153 2416 2213 ut

166 2236 468 2315 prudens
512 2232 924 2316 dispensator,
972 2255 1153 2316 quem
1182 2234 1504 2299 constitu-it
1529 2234 1850 2299 Dominus
1878 2256 2067 2317 super
2093 2235 2418 2315 familiam
2436 2261 2540 2303 zm.
2558 2261 2624 2310 ιε,
2638 2262 2705 2301 42.

179 2344 390 2404 snam,
440 2330 854 2408 procurans¹sl
894 2324 1119 2407 gregis
1151 2324 1491 2389 commissi
1523 2325 2047 2408 providentiam,
2082 2347 2186 2403 ne,
2220 2326 2415 2390 nullo

92 2436 144 2473 20
181 2417 464 2497 pastore
511 2416 935 2496 protegente,
984 2415 1141 2495 post
1188 2413 1334 2477 eius
1382 2413 1753 2478 discessum
1799 2413 1950 2497 lupi
1992 2435 2274 2498 rapaces
2320 2415 2415 2478 in·
2434 2438 2751 2487 amcam.

182 2503 522 2566 vaderent
598 2501 774 2566 ovile
842 2501 1291 2578 dominicum,
1371 2505 1829 2586 quapropter⁰
1907 2503 2181 2567 beatum
2254 2502 2443 2567 Gre-.

185 2591 480 2675 gorium,
531 2590 616 2655 de
663 2611 796 2673 quo
843 2610 1050 2675 supra
1101 2591 1516 2655 mentionem
1577 2590 1887 2669 fecimus,
1950 2591 2145 2656 cuius
2205 2592 2412 2657 etiam

185 2680 528 2743 virtutum
577 2679 761 2763 apud
808 2699 933 2743 nos
980 2678 1326 2743 habentur
1355 2679 1708 2743 volumina
1726 2679 1768 2757 3,
1818 2680 2122 2745 eiusdem
2154 2680 2416 2745 Traiec-

184 2768 408 2833 tensis
456 2766 781 2853 ecclesiae
828 2767 974 2832 sedi
1020 2767 1312 2851 prefecit
1358 2771 1722 2852 pastorem.

98 2880 150 2919 25
407 2852 513 2939 (9).
605 2856 777 2920 Hisl'
831 2856 932 2920 ita
986 2877 1106 2939 per
1151 2856 1460 2921 ordinem
1509 2857 1813 2940 digestis,
1862 2858 2211 2941 navigium
2261 2878 2415 2921 cum

188 2945 434 3011 electis
500 2944 631 3009 sibi
691 2943 903 3009 subiit
963 2944 1182 3020 sociiS‚
1246 2966 1671 3029 superneque
1728 2946 2009 3030 pietatis
2069 2946 2416 3011 conductu

183 3034 558 3117 feliciqueq
643 3034 1188 3098 commilitonum
1278 3035 1574 3119 stipatus
1653 3036 1984 3099 comitatu
2002 3086 2015 3113 ,
2094 3055 2416 3119 prospero
2713 3113 2715 3116 Ι

184 3124 443 3188 itinere
510 3126 979 3187 transmensus
1047 3126 1152 3187 est
1226 3124 1482 3187 flumen
1553 3124 1738 3207 quod
1804 3127 2247 3208 nuncupatur
2303 3123 2417 3187 Al·
2434 3110 2738 3204 {fgf'w'm‘d’

185 3218 418 3277 merer
489 3215 560 3276 et
634 3212 724 3275 ad
792 3232 1003 3296 pagos
1073 3212 1484 3276 Fresonum⁸
1555 3213 1893 3296 pervenit,
1965 3209 2121 3296 quit
2192 3212 2416 3297 appel·

98 3324 149 3365 so
185 3302 428 3365 lantur
485 3299 863 3365 Ostrocheu
917 3304 989 3365 et
1034 3300 1513 3379 WestrocheV,
1572 3301 1806 3384 ibique
1866 3302 2221 3366 beatorum
2281 3300 2417 3364 val·
2436 3324 2492 3361 a.

184 3390 378 3453 latus
424 3392 698 3454 caterva
744 3389 895 3452 fixit
936 3389 1258 3455 tentoria.
1350 3389 1496 3455 Nec
1541 3410 1752 3468 mora,
1814 3408 2088 3454 sumens
2146 3409 2416 3473 quoque

186 3478 623 3554 christianos,
689 3498 857 3560 quos
915 3478 1050 3541 iam
1121 3478 1284 3541 olim
1345 3499 1386 3542 a
1453 3482 1691 3542 sancto
1752 3478 2105 3543 Clemente
2174 3477 2416 3561 presci-

406 3669 485 3709 Iv.
541 3670 676 3718 Cam.
699 3670 828 3710 '1-9.
893 3670 960 3710 la.
983 3669 1024 3712 b.
1049 3668 1120 3710 20.
1143 3669 1181 3710 b.
1203 3680 1238 3709 c.

184 3758 232 3803 a)
263 3757 528 3806 episcopatu
555 3756 625 3799 211.
643 3758 680 3799 b.
701 3768 738 3795 c.
849 3755 895 3806 b)
923 3757 1157 3797 Frisonum
1186 3757 1253 3797 2η.
1359 3758 1401 3808 c)
1429 3753 1733 3807 muniuc)ione
1760 3756 1829 3799 2α.
1848 3756 1887 3798 b.
1908 3767 1942 3797 e.
2050 3753 2097 3807 d)
2120 3755 2331 3805 pontifice
2350 3756 2419 3799 lb.

99 3816 149 3856 35
187 3810 232 3861 e)
262 3812 330 3849 ita
358 3811 400 3852 h.
428 3811 462 3853 l.
485 3812 562 3861 1a;
593 3810 823 3850 Bonitacio
849 3810 944 3853 rell.
1052 3811 1087 3858 f)
1114 3821 1170 3848 ex
1199 3811 1266 3849 his
1297 3811 1372 3860 1b;
1403 3820 1458 3849 ex
1486 3810 1518 3851 i.
1542 3820 1624 3851 om.
1654 3811 1722 3849 la.
1830 3811 1876 3858 ς)
1902 3809 1967 3848 ibi
1984 3809 2048 3852 20.
2155 3807 2203 3858 h)
2230 3809 2328 3848 aliis
2347 3810 2411 3850 lb.

185 3864 220 3913 i)
250 3874 309 3903 ex
337 3864 370 3903 1.
401 3874 485 3906 om.
515 3865 584 3903 la.
694 3862 742 3910 k)
768 3863 859 3903 illic
886 3864 961 3911 2b3
992 3863 1055 3903 ibi
1083 3864 1148 3905 2ο.
1254 3863 1286 3914 1)
1315 3873 1396 3903 om.
1427 3863 1494 3905 2α.
1514 3863 1552 3904 b.
1573 3874 1609 3904 ε.
1716 3864 1777 3911 m)
1804 3861 1992 3903 Sanctus
2022 3867 2071 3901 ut
2097 3864 2162 3911 (et
2190 3862 2257 3905 2a.
2278 3862 2316 3913 c)
2344 3873 2414 3912 pr.

187 3919 256 3961 2⁰.
276 3918 320 3957 b.
343 3928 379 3959 c.
512 3916 558 3968 n)
595 3917 856 3965 procuravit
882 3917 947 3958 2a.
1082 3918 1126 3965 ο)
1163 3926 1246 3956 om.
1278 3915 1380 3967 (la).
1513 3917 1560 3964 p)
1596 3916 1695 3955 Hiis
1723 3916 1789 3958 2a.
1808 3915 1847 3954 b.
1869 3927 1904 3958 c.
2039 3914 2085 3965 q)
2122 3925 2209 3963 que
2238 3926 2321 3959 om.
2349 3917 2417 3958 la.

186 3972 226 4023 r)
257 3980 373 4013 corr.
400 3969 605 4009 Alcmere
631 3970 695 4019 2⁶,
723 3973 763 4009 et
790 3970 854 4009 ita
883 3970 948 4012 lb.
1051 3972 1091 4017 s)
1119 3969 1354 4009 Frisonum
1382 3968 1452 4011 Ξα.
1472 3980 1507 4012 ο.
1630 3969 1664 4020 t)
1694 3979 1779 4017 que
1809 3970 1871 4011 lb.
1901 3969 1965 4012 2b.
1982 3980 2017 4011 c.
2124 3968 2171 4019 u)
2197 3968 2415 4008 Astroche

186 4026 258 4067 la.
278 4024 318 4065 b.
426 4022 472 4074 v)
500 4023 750 4063 Vnstroche
779 4024 844 4064 lb.

101 4185 152 4224 40
189 4166 244 4232 1)
292 4165 344 4220 I.
380 4179 423 4220 e.
461 4164 836 4224 Willibrm·do;
883 4164 954 4228 of.
992 4163 1052 4219 V.
1087 4164 1430 4217 Willibrordi
1474 4180 1515 4218 c.
1550 4166 1599 4219 7.
1781 4163 1835 4232 2)
1886 4164 1942 4215 Ε
1986 4163 2256 4230 Liudycro
2305 4164 2338 4217 l.
2380 4164 2413 4217 l.

187 4253 232 4292 c.
297 4238 369 4291 10
439 4237 519 4303 (p.
576 4238 700 4297 75).·
773 4233 1063 4303 Fresonia,
1130 4234 1188 4287 in
1248 4252 1356 4304 qua
1411 4234 1621 4303 primus
1688 4238 1980 4287 sanctus
2029 4232 2417 4287 Willibrordus

189 4310 560 4375 cognomento
623 4304 745 4360 Cle
760 4324 817 4359 m
832 4323 952 4360 ens
1010 4305 1448 4374 archiepiscopus
1506 4306 1564 4359 in
1625 4304 1975 4358 conversione
2031 4302 2212 4373 gentis
2273 4303 2415 4357 illius

187 4376 534 4431 initiavit
604 4375 1024 4431 rudimenta
1096 4376 1418 4431 christianae
1489 4375 1675 4429 fidei
1748 4392 1873 4428 cum
1939 4373 2218 4443 discipulis
2288 4374 2413 4429 suis.

188 4448 246 4517 3)
321 4448 526 4501 Scilicet
587 4448 710 4500 Vita
775 4450 1026 4515 Greyorii
1083 4454 1222 4503 auct.
1282 4447 1554 4514 Liudyero
1625 4448 1725 4513 (ed.
1787 4446 1993 4499 Holder
2008 4474 2031 4485 -
2046 4445 2242 4513 Eyyer,
2318 4446 2415 4499 SS.

101 4540 152 4580 45
187 4520 250 4572 X
257 4519 321 4585 V,
360 4520 616 4583 66—79).
