3167 5192
1159 503 1618 562 PRAEFATIO.
2357 510 2504 566 Lm

255 685 646 769 episcopali
692 687 852 751 sede
895 685 1250 750 Danorum
1298 689 1773 771 persecutione
1805 690 2119 755 Treiecto
2168 693 2496 773 desolata,

255 780 336 837 ut
377 773 782 838 Daventriae
826 772 1130 838 resideret
1173 782 1421 840 coactus
1465 781 1556 840 est
1577 777 1619 839 1.

399 893 410 904 ·
483 879 708 960 Porro,
770 879 905 944 nisi
961 879 1124 958 forte
1169 883 1525 962 opusculum
1587 885 1663 947 de
1706 883 2048 963 Bonifatio
2098 887 2497 967 'deperditum

255 967 623 1050 statuimus,
670 968 884 1033 Vitam
927 968 1063 1048 fere
1108 972 1369 1034 eandem
1413 969 1546 1034 iam
1585 971 1896 1051 Aldfrido
1941 973 2221 1056 episcopo
2267 976 2496 1040 Mona-

185 1081 215 1120 5
256 1056 562 1121 steriensi
593 1055 1013 1139 (839—849)
1033 1064 1294 1139 praesto
1323 1058 1524 1137 fuisse
1553 1081 1798 1126 necesse
1826 1068 1932 1142 est,
1966 1062 2092 1144 qui,
2126 1063 2498 1147 Dockinqae

257 1145 387 1210 Ioci
455 1145 757 1228 martyrii
818 1145 1130 1210 mentione
1196 1146 1402 1228 facta,
1474 1148 1761 1214 addidit:
1828 1151 2009 1215 sieut
2078 1156 2149 1217 et
2219 1154 2303 1219 de
2370 1155 2494 1219 illo

255 1236 526 1318 scripta
577 1237 993 1312 testantur&
1064 1255 1292 1300 nomen
1351 1236 1520 1301 enim
1587 1237 1707 1302 loci
1763 1237 1839 1302 in
1905 1239 2026 1304 hac
2084 1240 2235 1304 Vita
2300 1261 2496 1323 neque

252 1344 410 1387 vero
447 1346 490 1388 a
529 1323 898 1389 Willibaldo
937 1323 1242 1388 traditum
1287 1332 1392 1406 est,
1425 1328 1705 1406 quodque
1736 1327 2145 1410 Liudqerum,
2180 1337 2495 1395 auctorem

272 1411 464 1476 Vitae
521 1411 838 1494 Greqorii,
890 1411 1265 1493 ‘primordia
1306 1407 1515 1478 sancti
1559 1413 1903 1494 Bonifacii
1948 1419 2253 1482 adventus
2310 1425 2494 1500 atque

155 1525 214 1563 ιο
255 1500 715 1565 ordinationis'
787 1500 1230 1582 conscripsisse
1303 1501 1468 1566 idem
1543 1502 1738 1586 dixit,
1816 1525 1989 1588 quae
2064 1507 2344 1571 fuerant
2418 1510 2493 1572 in

257 1591 403 1654 alio
451 1591 782 1674 opusculo
814 1592 1294 1674 praetermissa
1315 1591 1357 1670 3,
1406 1591 1480 1656 id
1507 1612 1761 1674 quoque,
1795 1599 2079 1658 monente
2118 1594 2189 1659 O.
2224 1595 2491 1660 Holder-

251 1678 480 1758 quer
497 1681 540 1759 4,
600 1677 998 1760 potissimum
1053 1700 1192 1744 cum
1245 1681 1537 1760 opusculo
1590 1687 1803 1745 nostro
1871 1682 2171 1763 convenit,
2243 1705 2380 1748 cum
2448 1707 2492 1750 a

267 1766 647 1832 Willibaldo
694 1770 768 1832 de
811 1767 945 1832 illis
990 1769 1176 1832 rebus
1218 1768 1396 1833 haud
1423 1790 1643 1850 pauca
1687 1776 1963 1835 narrata
2014 1778 2231 1835 essent.
2335 1771 2490 1837 Oum

249 1855 463 1937 iqitur
507 1854 657 1921 Vita
701 1858 914 1922 eadem
958 1855 1093 1920 iam
1139 1863 1286 1921 ante
1331 1879 1392 1921 a.
1428 1864 1576 1922 849.
1626 1857 1901 1923 extitisse
1936 1858 2241 1940 videatur,
2288 1881 2489 1925 sermo

153 1967 214 2007 ιτ,
251 1965 407 2009 vero
477 1944 877 2026 aliquatenus
943 1946 1032 2009 ad
1091 1944 1593 2011 Radbodianum
1659 1949 1929 2028 accedat,
1990 1948 2490 2030 praescriptione

253 2032 495 2098 codicis
551 2033 834 2099 Gothani
893 2033 1334 2115 adstipulante,
1395 2035 1604 2100 nescio
1650 2057 1739 2100 an
1797 2042 1976 2100 testes
2028 2037 2339 2102 contrarii
2394 2037 2489 2101 ita

251 2121 430 2186 inter
496 2143 561 2187 se
626 2122 1084 2188 reconciliandi
1141 2121 1295 2203 sint,
1366 2129 1436 2187 ut
1500 2123 1788 2205 quamvis
1853 2124 2094 2189 invitus
2161 2125 2485 2207 coniciam,

269 2210 490 2276 Vitam
556 2232 624 2275 re
689 2231 842 2276 vera
897 2217 1088 2292 parte
1141 2210 1369 2292 priore
1435 2233 1596 2277 saec.
1662 2213 1801 2276 IX.
1871 2214 2271 2295 compositam
2339 2236 2485 2295 esse,

249 2299 523 2364 muliere
567 2299 683 2365 illa
719 2300 887 2364 inter
915 2299 1087 2364 vivos
1116 2302 1385 2382 deqente,
1433 2321 1777 2365 sermonem
1806 2322 1969 2382 vero,
2017 2304 2201 2367 rebus
2229 2302 2489 2368 intactis

153 2413 213 2452 20
251 2387 514 2468 relictis,
550 2395 773 2470 postea
819 2412 861 2454 a
906 2389 1213 2453 Radbodo
1259 2395 1682 2471 retractatum,
1732 2411 1871 2455 cum
1917 2390 2129 2455 abbati
2174 2391 2488 2456 Fuldensi

253 2477 621 2559 opusculum
667 2477 1138 2542 transmisisset.

484 2584 662 2665 Quod
703 2586 1259 2665 quomodocumque
1304 2605 1368 2648 se
1413 2585 1612 2665 habet,
1672 2584 1880 2665 ipsum
1926 2586 2285 2667 opusculum
2329 2585 2489 2650 satis

239 2672 576 2753 prolixum
623 2679 728 2753 est,
773 2672 1042 2754 prolatis
1070 2672 1274 2736 verbis
1304 2673 1534 2754 multis,
1569 2675 1754 2738 rebus
1789 2672 2035 2754 paucis,
2070 2693 2324 2755 cumque
2349 2672 2489 2754 piis

255 2761 812 2826 adhortationibus
857 2768 1076 2826 auctor
1120 2760 1390 2826 nimium
1446 2760 1773 2842 studuerit,
1822 2760 2039 2843 potius
2098 2763 2187 2826 ad
2243 2761 2489 2826 litteras

152 2874 212 2913 25
253 2849 440 2914 illius
498 2850 639 2915 aevi
697 2869 887 2930 quam
946 2851 1036 2913 ad
1097 2871 1199 2914 res
1242 2849 1718 2928 Bonifatianas
1784 2851 2241 2932 coqnoscendas
2305 2850 2485 2929 facit.

253 2939 562 3020 Ampium
579 2938 914 3021 proloqum
948 2935 1029 3016 (c.
1070 2941 1270 3022 1—5)
1304 2939 1448 3021 ipsa
1481 2937 1632 3003 Vita
1668 2937 2065 3020 subsequitur
2098 2934 2178 3017 (c.
2215 2941 2485 3022 6—17),

255 3049 420 3109 quae
453 3027 702 3108 partim
733 3026 1101 3093 Willibaldo
1131 3027 1254 3092 niti
1283 3027 1545 3107 videtur,
1596 3033 1779 3108 atque
1809 3034 2027 3092 auctor
2056 3048 2185 3092 non
2215 3027 2484 3110 neyavit,

253 3137 363 3180 res
403 3122 612 3198 qestas
655 3115 862 3181 sancti
905 3115 1038 3180 iam
1085 3122 1231 3180 ante
1275 3138 1339 3180 se
1382 3115 1591 3198 ipsum
1637 3115 1866 3180 litteris
1907 3117 2250 3181 mandatas
2292 3136 2424 3180 esse
2442 3116 2484 3198 ⁵,

255 3207 542 3286 quodque
587 3205 661 3269 de
690 3203 1036 3284 Bonifatio
1068 3204 1457 3270 Fresonibus
1490 3204 1910 3286 praedicante
1954 3204 2213 3286 scripsit
2258 3201 2339 3282 (c.
2377 3206 2447 3289 9)
2468 3226 2488 3269 .·

155 3317 219 3357 ³0
257 3295 443 3358 siout
486 3294 561 3357 in
608 3295 905 3378 quodam
955 3295 1188 3359 codice
1237 3295 1567 3378 scriptum
1599 3295 1890 3378 repperi,
1926 3294 2200 3358 adhesit
2229 3293 2486 3358 ibidem

259 3382 733 3461 willibrordo,
795 3381 870 3447 id
911 3383 1000 3446 ad
1051 3403 1204 3464 opus
1256 3381 1437 3446 illius
1497 3379 1575 3463 (c.
1627 3381 1694 3464 5)
1756 3387 2034 3464 spectare
2080 3387 2301 3464 potest.
2412 3381 2487 3446 Si

255 3470 425 3535 idem
470 3491 540 3535 re
584 3493 735 3536 vera
779 3471 1030 3553 teqerat,
1079 3477 1238 3536 certe
1282 3470 1576 3553 emiquum
1621 3470 1900 3549 fructum
1953 3491 2029 3534 ex
2087 3490 2155 3534 eo
2203 3469 2490 3553 percepit

254 3580 454 3640 neque
501 3580 720 3640 pauca
764 3580 924 3641 quae
968 3558 1220 3624 addidit
1275 3559 1597 3624 erroribus
1654 3565 1902 3640 vacant,
1964 3579 2103 3623 cum
2146 3557 2486 3636 Bonifatio

257 3771 312 3835 1)
363 3769 425 3822 V.
463 3768 713 3820 Radbodi
752 3785 794 3823 c.
835 3770 868 3824 5
913 3771 990 3835 (p.
1030 3769 1193 3828 571),·
1233 3769 1296 3819 de
1339 3768 1733 3820 incursionibus
1770 3769 2051 3820 Danorum
2100 3770 2261 3819 etiam
2296 3783 2337 3822 c.
2367 3770 2415 3821 7.
2455 3770 2488 3822 9

155 3854 218 3894 35
253 3842 335 3907 (p.
374 3842 542 3904 571a)
576 3841 779 3905 ayitur.
885 3841 946 3907 2)
985 3840 1046 3894 V.
1083 3839 1350 3905 Liudyeri
1383 3845 1517 3893 auct.
1557 3839 1805 3903 Altfrido
1826 3839 1877 3905 I,
1906 3842 1939 3894 5
1964 3839 2064 3906 [4]
2089 3839 2214 3903 (SS.
2242 3839 2322 3904 II,
2348 3840 2454 3893 406
2468 3855 2488 3899 ‚⁰

251 3911 333 3964 od.
360 3911 628 3978 Dielcamp
665 3911 700 3965 l.
729 3911 763 3964 l.
800 3927 852 3978 p.
880 3914 971 3970 9).·
1009 3913 1197 3963 saneto
1221 3907 1540 3976 BonefaoiO,
1578 3909 1672 3977 qui
1708 3913 1834 3977 poet
1868 3925 1993 3961 eum
2017 3910 2487 3974 (Willibrordum)

135 3993 140 3998 “
251 3981 506 4049 partibus
565 3980 670 4032 illis
726 3979 920 4034 doctor
977 3997 1199 4034 serenus
1259 3980 1458 4032 inluxit
1474 4019 1488 4047 ‚
1549 3978 1901 4048 quoadusque
1960 3997 2061 4049 pro
2122 3978 2230 4032 fide
2289 3978 2486 4031 Christi

251 4052 522 4118 martyrio
574 4054 864 4104 coronatus
914 4051 1165 4120 spiritum
1213 4050 1453 4104 reddidit
1503 4051 1560 4104 in
1610 4067 1754 4120 pago
1792 4050 2064 4104 Astraehe
2114 4051 2171 4102 in
2220 4050 2342 4102 loco
2393 4049 2487 4115 qui

253 4122 539 4192 Doeeinga
573 4127 819 4190 vocatur,
869 4122 1010 4175 sicut
1045 4125 1100 4176 et
1137 4122 1206 4175 de
1241 4122 1336 4175 illo
1374 4122 1576 4190 scripta
1624 4126 1909 4177 testantur.
1987 4122 2071 4186 cf.
2111 4123 2168 4176 V.
2208 4121 2286 4173 II.
2324 4119 2488 4172 Boni-

153 4209 217 4248 40
252 4197 387 4260 fatii
436 4210 476 4248 c.
519 4196 617 4249 16:
664 4193 947 4262 Perempti
983 4197 1110 4246 eunt
1145 4197 1329 4246 autem
1367 4197 1424 4246 et
1459 4193 1710 4262 discipuli
1746 4194 1861 4246 eius
1899 4209 2024 4245 oum
2062 4209 2125 4244 eo
2175 4191 2246 4243 in
2294 4191 2454 4242 loco
2472 4228 2486 4254 ,

253 4265 378 4332 qui
427 4264 809 4334 Dockinga
859 4265 1074 4320 dicitur.
1290 4266 1348 4332 3)
1399 4265 1457 4320 V.
1502 4265 1764 4331 Liudqcri
1812 4265 1861 4330 I,
1906 4267 1976 4319 30
2024 4264 2136 4330 [II,
2182 4262 2264 4327 6]‚
2314 4276 2487 4328 supra

243 4353 309 4404 p.
351 4337 622 4403 XLVIII,
661 4354 715 4392 n.
741 4339 792 4393 5.
913 4336 970 4407 4)
1011 4336 1106 4392 SS.
1144 4337 1272 4403 XV,
1311 4339 1398 4401 63,
1436 4353 1490 4391 n.
1519 4339 1568 4391 3.
1697 4337 1752 4402 5)
1802 4335 1861 4390 V.
1899 4335 1977 4388 II.
2017 4334 2286 4398 Bonifatii
2318 4348 2359 4386 c.
2388 4333 2485 4388 18:

253 4408 411 4474 quasi
445 4439 518 4447 —-
553 4439 625 4448 —-
662 4407 758 4476 illi,
811 4406 905 4476 qui
954 4411 1080 4461 ante
1128 4424 1218 4460 me
1270 4406 1505 4473 fuerunt,
1558 4405 1605 4458 si
1655 4423 1763 4473 qua
1810 4408 2045 4471 nossent,
2096 4402 2165 4456 de
2213 4402 2319 4456 hoo
2368 4401 2486 4455 viro

251 4479 505 4547 preciosa
541 4483 596 4531 et
631 4478 794 4532 laude
831 4478 998 4548 digna
1032 4477 1320 4535 tacuerint.
