3167 5192
680 488 878 543 VITA
912 486 1320 543 BONIFA'I'II
1354 486 1716 543 AUCTORE
1754 486 2080 545 OTLOHO.
2393 494 2496 547 113

471 672 667 737 Inter
758 673 929 736 haec
1007 671 1217 736 etiam
1308 670 1486 735 illud
1561 674 1808 735 notum
1879 669 2064 735 facio
2140 671 2497 737 dilectioni

247 766 544 839 vestrae,
593 762 773 844 quia,
838 781 993 823 cum
1054 760 1170 823 in⁸
1222 760 1373 843 ipso
1432 759 1630 836 libro,
1695 779 1898 842 quem
1958 781 2068 825 me
2129 761 2498 845 explanare

251 852 531 935 petistis
551 899 565 925 ,
643 850 1052 933 inspicerem
1130 848 1429 932 plurima
1502 853 1648 913 tam
1726 848 2214 913 miraculorum
2291 871 2496 933 quam

253 939 709 1024 epistolarum
778 938 1079 1020 insignia
1134 958 1273 1002 non
1344 936 1589 1001 haberi
1606 988 1620 1015 ,
1691 958 1867 1020 quae
1934 937 2008 1000 in
2079 938 2234 1003 aliis
2301 940 2497 1005 libris

184 1054 213 1093 ⁵
249 1028 510 1104 inveni,
560 1028 842 1093 molitus
890 1047 1038 1091 sum
1088 1047 1171 1091 ex
1216 1026 1385 1109 ipsis
1431 1026 1759 1109 colligere
1807 1028 1878 1089 et
1937 1026 2009 1089 in
2070 1027 2259 1105 locis,
2321 1049 2497 1111 quae

253 1121 601 1202 oportuna
645 1116 1081 1193 videbantur,
1130 1115 1462 1192 inserere3
1510 1115 1826 1179 fortassis
1873 1109 2097 1179 enimb
2135 1117 2258 1182 ille
2302 1138 2497 1183 vene·

251 1207 515 1269 randus
560 1201 724 1281 vir*,
774 1205 895 1288 qui
939 1205 1149 1268 vitam
1200 1204 1424 1267 sancti
1455 1203 1801 1268 Bonifacii
1846 1204 2159 1287 inprimis
2203 1206 2495 1290 scripsit,

251 1296 552 1359 virtutes
598 1295 745 1359 eius
802 1293 1057 1357 multas
1116 1292 1576 1377 epistolasque
1636 1292 1947 1357 nesciens
2006 1296 2495 1377 pretermisitss.

254 1384 397 1448 Sed
443 1384 615 1447 mihi
664 1382 1132 1448 consideranti
1178 1382 1416 1446 literas
1463 1401 1720 1459 omnes,
1770 1402 1939 1464 quas
1971 1384 2058 1447 de
2090 1404 2170 1448 eo
2203 1384 2495 1463 habetis,

148 1498 215 1537 ιο
251 1475 331 1536 in
379 1472 592 1536 nullis
639 1472 856 1536 maior
884 1471 1069 1536 tanti
1106 1470 1400 1555 presulis
1433 1471 1812 1540 auctoritas
1844 1492 2048 1554 quam
2081 1472 2151 1534 in
2188 1473 2499 1556 epistolis

256 1561 345 1626 ab
394 1562 544 1645 ipso
589 1561 700 1625 vel
755 1561 843 1623 ad
902 1561 1128 1644 ipsum
1192 1559 1473 1623 directis
1534 1560 1810 1624 videtur
1870 1580 2034 1624 esse.
2143 1560 2254 1625 Ibi
2313 1583 2499 1626 nam·

255 1671 392 1734 que
440 1650 870 1776 apertissime
916 1648 1303 1733 inspicitur,
1365 1650 1628 1731 quanta
1672 1649 2116 1714 veneratione
2176 1651 2498 1734 primitus

254 1739 476 1805 fuerit
572 1742 931 1823 susceptus
978 1758 1021 1802 a
1065 1737 1390 1821 pontifice
1435 1737 1766 1815 Romano,
1817 1736 2288 1821 qualiterque0
2341 1760 2500 1804 eum

257 1828 658 1893 ordinatum
719 1827 985 1892 miserit
1050 1826 1135 1889 ad
1199 1825 1696 1909 predicandum
1758 1827 2026 1890 cunctis
2089 1825 2499 1893 Germaniae

149 1943 217 1982 15
256 1917 554 2001 populis,
626 1920 888 1999 quanto
958 1916 1170 1980 etiam
1236 1915 1472 1979 labore
1537 1916 1832 1979 eandem
1903 1913 2343 1980 Germaniam
2410 1919 2501 1981 ad

256 2008 469 2071 fidem
518 2005 779 2069 Christi
826 2003 1263 2080 converterit,
1314 2008 1385 2068 et
1432 2004 1618 2086 quod
1665 2024 1804 2068 non
1853 2004 2076 2068 solum
2123 2026 2166 2068 a
2210 2007 2500 2089 paganis

256 2099 333 2160 et
393 2095 752 2171 hereticis,
824 2093 944 2158 sed
1014 2094 1227 2157 etiam
1294 2113 1337 2155 a
1403 2093 2064 2176 pseudochristianis
2134 2097 2205 2158 et
2273 2096 2501 2178 pravis

255 2184 734 2248 sacerdotibus
796 2203 946 2247 eam
993 2181 1189 2246 velut
1250 2202 1290 2245 a
1350 2180 1672 2265 luporum
1732 2182 2074 2246 morsibus
2134 2183 2498 2267 eripuerit;

255 2276 591 2356 quantam
637 2272 931 2355 gratiam
966 2292 1008 2335 a
1038 2270 1462 2334 Francorum
1500 2270 1944 2354 principibus,
1981 2272 2452 2337 Karlomanno
2468 2266 2496 2309 t·

152 2388 219 2428 20
256 2362 529 2427 scilicet
574 2365 646 2425 et
677 2360 1041 2445 Pippinog‚
1076 2359 1477 2432 obtinuerit,
1527 2360 1666 2442 qui,
1706 2362 2071 2443 postquam
2104 2381 2257 2425 eum
2295 2361 2501 2447 eccle-

256 2444 447 2515 siaeh
512 2442 1099 2533 Mogontiacensi¹
1181 2448 1525 2533 presulem
1597 2443 2116 2525 decreveruntk‚
2189 2451 2499 2528 eandem,

257 2560 438 2623 quae
514 2540 705 2623 prius
784 2538 1111 2624 ecclesiae
1189 2536 1393 2601 alteri
1470 2536 1752 2601 subdita
1820 2540 1968 2601 erat
1989 2538 2030 2614 ²,
2111 2559 2235 2621 pro
2310 2538 2500 2603 illius

258 2649 494 2693 amore
560 2627 765 2691 simul
830 2631 902 2691 et
967 2629 1226 2691 honore
1290 2629 1511 2690 metro
1562 2625 1730 2689 olim
1789 2626 2006 2689 totius
2068 2625 2498 2705 Germaniae,

258 2708 642 2801 apostolico
675 2716 1003 2800 pontifice
1035 2715 1509 2779 consentiente
1564 2766 1577 2791 ,
1613 2714 2028 2792 effecerunt3
2062 2719 2282 2799 quotm
2306 2717 2501 2781 sedes

156 2833 219 2872 25
259 2806 685 2891 episcopales
718 2805 1069 2883 statuerit3
1104 2824 1279 2887 quae
1312 2803 1675 2887 privilegia
1705 2804 2156 2886 quibusdamn
2197 2805 2502 2888 ecclesiis

259 2895 667 2960 obtinuerit.
737 2894 1093 2958 Postremo
1127 2896 1199 2957 et
1235 2891 1415 2955 illud
1445 2892 1545 2956 ibi
1576 2891 1991 2975 speculatur,
2026 2893 2209 2976 quod
2243 2894 2492 2957 etiam⁰

260 2984 461 3049 vobis
506 2984 711 3047 modo
771 3003 1067 3066 peropus
1129 2985 1253 3058 est,
1316 2981 1659 3065 quomodo
1721 2983 2022 3065 corporis
2083 2983 2190 3046 sui
2251 2983 2500 3059 locum,

261 3073 630 3138 cenobium
676 3072 1003 3136 videlicet
1060 3074 1386 3148 vestrum,
1447 3071 1990 3154 possessionibus
2052 3073 2124 3135 et
2179 3073 2506 3136 decimis²

262 3162 682 3246 specialibus
729 3160 1223 3227 sublimaverit.

161 3279 223 3319 so
482 3251 705 3314 Tanta
750 3250 966 3333 igitur
1013 3247 1409 3326 auctoritas,
1444 3247 1611 3312 licet
1643 3269 1685 3312 a
1714 3249 2062 3313 modernis
2091 3249 2503 3333 quibusdam

263 3339 741 3404 sacerdotibus
810 3337 1233 3415 adnulletur,
1305 3336 1666 3420 continget
1720 3341 1955 3401 tamen
2027 3338 2124 3403 eis
2183 3338 2257 3401 in
2315 3340 2506 3403 testi-

496 3512 550 3582 *)
588 3515 807 3565 sanctus
843 3508 1198 3564 willibaldus
1236 3510 1361 3563 add.
1397 3511 1474 3565 2ο.

481 3690 585 3731 VII.
640 3690 763 3729 Ρνοῑ.
819 3691 860 3728 1.
891 3689 959 3728 za.
980 3690 1021 3728 b.
1042 3700 1080 3728 c.

266 3763 311 3811 a)
342 3771 556 3810 super-scr.
587 3761 654 3800 2b.
763 3761 809 3810 b)
839 3771 923 3799 om.
953 3760 995 3800 1.
1106 3759 1146 3811 c)
1179 3758 1431 3809 intermisit,
1460 3762 1507 3796 ut
1534 3758 1718 3808 videtur,
1749 3760 1789 3807 1,
1817 3770 1932 3797 corr.
2044 3758 2088 3807 d)
2118 3760 2150 3798 f.
2181 3762 2286 3808 post
2313 3770 2430 3798 susc.
2460 3760 2508 3797 {n

166 3815 225 3857 35
266 3826 414 3863 mare.
444 3815 587 3864 suppl.
616 3814 678 3854 20.
816 3813 859 3863 e)
896 3824 985 3861 que
1013 3824 1035 3852 c
1061 3823 1177 3851 corr.
1208 3812 1258 3863 13
1289 3822 1376 3860 que
1404 3823 1488 3850 om.
1519 3813 1581 3850 20.
1720 3812 1755 3860 t)
1789 3812 2124 3875 Karolomanno
2154 3814 2203 3862 13
2232 3812 2505 3877 Karlomano

257 3880 340 3917 pr.
371 3880 429 3909 m.
460 3868 531 3907 2α.
668 3867 712 3919 g)
748 3868 911 3917 Pipino
941 3869 981 3907 1.
1012 3867 1079 3906 sb.
1219 3866 1271 3929 h).
1303 3866 1363 3904 M.
1395 3866 1505 3929 eccl.
1536 3865 1599 3914 2⁶,
1628 3876 1743 3904 corr.
1881 3866 1912 3917 ι)
1949 3867 2014 3903 ita
2041 3866 2118 3929 ².b'⁹
2152 3866 2507 3913 mogonciacensi

269 3924 304 3971 (ἱ
334 3922 555 3969 posterior
580 3922 628 3959 in
653 3931 743 3959 rae.
775 3922 850 3968 2c,·
874 3931 989 3960 corr.
1020 3930 1043 3959 ο
1070 3921 1433 3967 Mogoncianensi
1460 3918 1531 3969 2a)
1559 3919 1659 3957 roll.
1771 3918 1820 3969 k)
1847 3919 2134 3959 decreverint
2161 3920 2223 3959 20.
2341 3919 2373 3970 1)
2403 3930 2507 3959 eon·

269 3976 497 4015 sententie
525 3976 564 4013 1.
675 3973 737 4024 m)
764 3971 883 4023 quod
909 3974 972 4013 2c.
1081 3973 1129 4025 n)
1157 3972 1321 4023 qulbus
1347 3972 1415 4021 222,
1446 3982 1561 4010 corr.
1673 3971 1717 4023 o)
1747 3983 1831 4011 om.
1860 3972 1923 4011 20.

268 4113 591 4183 redemptor
644 4118 701 4168 et
754 4115 887 4169 deus
939 4118 1126 4169 noster
1176 4115 1246 4169 ad
1297 4112 1671 4168 distruendam
1725 4112 2035 4166 mundanae
2090 4131 2115 4165 s
2130 4130 2161 4165 a
2175 4113 2292 4182 pie
2307 4112 2507 4167 ntiae

168 4202 231 4241 40
268 4186 575 4240 vanitatem
628 4203 766 4239 non
816 4190 1090 4247 oratores,
1154 4185 1276 4240 sed
1330 4184 1776 4253 piscatores,
1831 4201 1934 4237 nec
1987 4183 2507 4253 philosophos,

270 4256 370 4311 sed
404 4257 635 4311 rusticos
671 4258 1093 4326 praeelegit?
1273 4258 1325 4326 1)
1376 4257 1459 4322 Cf.
1505 4258 1664 4321 infra
1705 4256 1754 4321 Ι,
1790 4258 1877 4310 42.
2059 4256 2118 4323 2)
2169 4257 2413 4309 Decimae
2447 4258 2508 4309 in

260 4329 554 4397 privileyio
586 4331 891 4383 adulterato
926 4330 1233 4382 Zachariae
1274 4344 1455 4396 papae
1490 4327 1646 4392 (Ma.
1685 4326 1862 4393 Epist.
1901 4327 2013 4394 III,
2051 4328 2175 4393 375,
2221 4328 2313 4381 col.
2354 4330 2412 4391 1)
2461 4334 2510 4379 et

269 4403 335 4453 in
383 4400 668 4523 diplpmatc
714 4403 902 4468 spurio
947 4400 1177 4469 Pippim’
1224 4399 1606 4468 (Mahzbacher
1640 4398 1679 4449 I
1687 4396 1724 4465 ²,
1772 4414 1828 4452 n.
1867 4400 1961 4467 72)
2012 4405 2510 4465 commemorantur,

268 4474 435 4537 infra
467 4472 508 4523 I
531 4511 549 4538 ,
590 4474 673 4527 15.
714 4475 799 4527 19.

382 4579 513 4618 Vitae
541 4578 771 4617 Bonifatii.
2047 4579 2084 4633 8
