3167 5192
749 524 820 579 66
1367 520 1557 577 VITA
1594 520 1908 576 ALTERA
1944 522 2365 581 BONIFATII.

752 712 1026 787 quitatem
1069 726 1252 767 meam
1295 713 1362 767 et
1407 710 1490 767 da
1537 727 1891 768 sermonem
1938 716 2180 769 rectum
2226 715 2291 770 et
2335 711 2495 769 bene
2542 714 2880 769 sonantem
2920 710 2989 765 in

418 822 477 870 er.
495 821 566 861 ne.
585 820 652 868 49,
669 820 734 860 ιι.
754 819 824 859 os
870 816 1107 868 meum,
1153 803 1228 856 ut
1271 799 1565 873 placeant
1610 799 1803 856 verba
1848 816 1990 857 mea
2036 801 2104 857 in
2147 805 2491 875 conspectu
2537 804 2670 867 tu0,
2702 803 2768 856 et
2800 798 2987 855 sacri·

417 912 476 958 cr.
495 911 618 951 Rom.
635 910 676 958 9,
690 908 732 949 ⁵.
752 890 967 947 ficium
1010 888 1218 945 laudis
1263 890 1374 945 tue
1420 904 1459 944 a
1504 904 1608 944 me
1653 892 1981 963 acceptare
2026 888 2321 964 digneris,
2370 891 2479 964 qui
2511 906 2579 947 es
2608 887 2987 945 benedictus

752 980 819 1035 in
866 976 1077 1035 secula
1137 976 1514 1058 seculorum3
1606 972 1854 1034 Amen'.
1947 976 2029 1034 Et
2088 976 2264 1035 ecce!
2317 995 2507 1046 nunc,
2554 978 2844 1044 Domine,
2908 976 2989 1033 de

753 1070 972 1125 sancto
1018 1066 1273 1123 martire
1320 1068 1450 1133 tuo,
1499 1068 1811 1141 quantum
1842 1068 1914 1122 tu
1945 1067 2347 1135 concesseriS,
2381 1083 2669 1125 enarrare
2698 1068 2986 1140 paratus,
3021 1080 3044 1118 ⁶

455 1145 512 1191 ‘³²'-
535 1140 734 1242 ¹⁸·3²0⁵,'{¹J
750 1159 815 1214 te
860 1155 1110 1213 radium
1156 1153 1542 1224 moderante,
1592 1153 1681 1211 sic
1727 1154 2000 1228 primum
2046 1155 2173 1212 tele
2232 1156 2421 1213 huius
2482 1153 2727 1213 ordiar-³
2780 1154 2983 1211 filum.

965 1248 1122 1338 (6)¹².
1215 1254 1512 1319 Beatus⁰
1569 1253 1972 1318 Bonifacius
2018 1252 2321 1339 genitale
2367 1255 2592 1320 solum
2635 1256 2711 1318 in
2752 1254 2989 1318 insula

753 1364 885 1429 que
917 1338 1325 1408 Britannia‘l
1363 1342 1618 1407 dicitur
1662 1342 1929 1419 habuit,
1977 1363 2182 1426 quam
2230 1343 2431 1408 modo
2478 1364 2646 1427 gens
2688 1342 2979 1407 incolite

753 1433 1159 1518 Anglorum,
1209 1452 1340 1515 que
1387 1452 1428 1496 a
1476 1431 1861 1497 Saxonibus
1907 1426 2287 1517 originemf
2340 1434 2627 1497 traxisse
2672 1434 2986 1516 putatur.

751 1522 1012 1606 Angli&
1075 1542 1238 1586 vero
1308 1520 1394 1585 ab
1463 1514 1849 1605 anguloh·1,
1927 1520 1999 1583 id
2071 1525 2175 1585 est
2245 1521 2721 1586 firmamento²
2788 1521 2989 1605 regni
3023 1542 3068 1580 10

755 1604 1084 1676 derivari¹
1131 1630 1270 1674 non
1317 1609 1611 1674 absurde
1660 1609 2017 1687 dicuntur;
2068 1610 2186 1694 qui
2231 1630 2304 1674 re
2351 1630 2512 1675 vera
2557 1610 2775 1674 fortes
2824 1612 2989 1673 sunt

756 1705 828 1764 et
884 1700 1116 1776 validi,
1175 1697 1569 1781 Christique
1630 1697 2019 1783 opitulante
2078 1698 2321 1781 gratia,
2384 1699 2769 1782 provincias
2831 1718 2988 1762 suas

757 1809 1100 1852 armorum
1195 1787 1575 1870 viriumque
1673 1787 2113 1851 robustarum
2208 1787 2503 1871 presidio
2601 1787 2987 1851 tutissimas

754 1877 1078 1950 reddunt,
1150 1875 1520 1959 aliquando
1597 1879 1832 1940 autem
1906 1879 2183 1959 pyratas
2253 1896 2335 1940 ex
2412 1870 2715 1941 boreali*
2788 1878 2988 1961 parte

755 1966 1108 2029 venientes
1154 1965 1525 2048 paciuntur
1569 1964 1879 2040 infestos,
1937 1984 2105 2047 quos
2151 1968 2386 2029 tamen
2432 1986 2472 2028 a
2531 1965 2785 2029 finibus
2848 1966 2988 2029 suis
3021 1984 3062 2024 15

757 2058 1082 2118 strennue
1141 2054 1513 2137 pugnando
1573 2052 1887 2117 reiciunt.
2001 2052 2090 2115 In
2157 2046 2463 2136 prefata¹
2536 2073 2700 2137 ergo
2760 2053 2991 2117 insula

757 2142 1102 2226 quondam
1172 2142 1406 2206 extitit
1471 2140 1829 2225 paradisus
1889 2141 2040 2219 Dei,
2114 2162 2195 2206 ex
2263 2162 2397 2225 quo
2464 2144 2610 2205 tam
2679 2143 2989 2226 preciosa

757 2230 1282 2315 profluxeruntm
1328 2233 1655 2303 aromata,
1706 2233 1784 2292 ut
1832 2250 1873 2294 a
1920 2229 2362 2295 Britannicou
2417 2231 2590 2294 mari
2633 2251 2853 2313 usque
2902 2232 2988 2294 ad

759 2339 946 2384 arces
1013 2318 1382 2383 Romuleas
1457 2338 1693 2382 omnes
1769 2317 2296 2402 circumquaque
2370 2320 2685 2403 regiones
2757 2320 2988 2384 divino

757 2409 965 2473 odore
1011 2408 1576 2493 perfunderent0.
1672 2406 1774 2470 Ex
1818 2407 1953 2471 hiis
2000 2407 2422 2472 aromatibus
2467 2408 2683 2473 fuisse
2729 2409 2990 2492 legitur
3020 2430 3062 2467 20

671 2576 676 2579 Ι
759 2497 1053 2562 Furseus
1123 2501 1193 2561 et
1251 2496 1502 2561 fratres
1564 2496 1727 2573 eius,
1780 2495 2312 2560 Willibrordusl'
2366 2517 2636 2580 quoque
2698 2517 2987 2580 magnus

760 2585 1132 2650 christiane
1178 2585 1529 2667 religionis
1579 2588 1998 2669 propagator
2056 2588 2127 2649 et
2184 2586 2317 2650 iste
2379 2585 2462 2650 de
2523 2605 2658 2668 quo
2720 2586 2986 2670 agimus

759 2674 1206 2739 ammirabilis
1284 2674 1684 2738 Bonifacius
1761 2672 2098 2756 multique
2174 2674 2296 2739 alii
2314 2725 2329 2750 ,
2414 2695 2582 2757 quos
2657 2675 2733 2737 in
2809 2674 2987 2738 libro

759 2763 1086 2847 Hystorie
1155 2762 1538 2847 Anglorum
1606 2763 1980 2826 virtutibus
2049 2762 2375 2828 claruisse
2443 2762 2634 2828 Beda
2703 2784 2987 2828 comme·
3126 2810 3128 2835 f

760 2856 982 2916 morat
999 2854 1043 2913 3.
1137 2852 1273 2917 Hic
1320 2852 1574 2935 itaque,
1640 2851 1724 2916 de
1784 2871 1918 2933 quo
1978 2851 2227 2915 seriesq
2281 2855 2511 2916 nostre
2572 2853 2987 2916 narrationis
3019 2870 3062 2910 25
3126 2862 3128 2873 ·

756 2942 1036 3018 texitur,
1084 2941 1204 3005 ubi
1253 2941 1544 3024 primum
1596 2938 1891 3024 pueriles
1939 2960 2154 3004 annos
2196 2941 2431 3017 evasit,
2464 2940 2625 3005 ilico
2656 2961 2727 3005 se
2757 2944 2987 3004 totum

762 3028 989 3094 divine
1080 3028 1252 3112 legis
1344 3028 1643 3093 contulit
1719 3028 2094 3092 eruditorio
2113 3079 2127 3105 ‚
2209 3029 2285 3092 in
2360 3049 2495 3112 quo
2511 3081 2525 3106 ‚
2605 3029 2988 3114 disciplinis

761 3116 1129 3182 celestibus
1175 3117 1481 3201 adprime
1529 3116 1859 3193 eruditus,
1908 3116 1980 3179 in
2028 3115 2218 3181 brevi
2271 3117 2786 3202 opinatissimus
2828 3138 2987 3183 vere

759 3206 1231 3291 phylosophye
1301 3205 1525 3271 cultor
1596 3205 1884 3269 effectus
1946 3208 2081 3269 est:
2153 3206 2450 3271 orationi
2518 3206 2827 3271 scilicet*
2896 3207 2988 3271 in-

760 3296 999 3361 sistere
1023 3348 1036 3373 ,
1115 3294 1388 3359 ieiuniis
1465 3314 1711 3377 corpus
1788 3314 2132 3359 macerare
2149 3346 2163 3372 ,
2241 3295 2638 3379 frequentes
2715 3296 2988 3381 vigilias
3018 3314 3060 3353 ao

761 3405 982 3470 agere,
1031 3384 1320 3470 gloriam
1368 3382 1609 3446 mundi
1651 3403 1793 3447 non
1839 3382 2117 3460 ambire,
2164 3382 2434 3448 favores
2480 3386 2819 3449 humanos
2849 3404 2988 3449 non

975 3594 1059 3632 111.
1117 3594 1221 3641 Gap.
1251 3592 1290 3633 5.
1350 3595 1388 3633 1.
1417 3593 1486 3633 Sa.
1562 3593 1668 3639 Gap.
1699 3591 1739 3631 6.
1797 3592 1837 3631 1.
1866 3591 1937 3633 aa.
1959 3592 1999 3634 b.

761 3682 805 3733 a)
833 3678 931 3720 ord.
962 3680 1100 3719 fllium
1129 3682 1177 3729 13
1208 3680 1330 3719 filum
1357 3680 1494 3729 (corr.
1524 3690 1546 3719 e
1572 3680 1729 3731 fllium)
1759 3677 1856 3723 ord.
1886 3680 1953 3719 20.
2050 3680 2096 3730 b)
2117 3690 2315 3728 praescr.
2340 3681 2505 3730 Incipit
2522 3682 2671 3730 passio
2691 3682 2836 3722 saneti
2854 3682 2990 3722 Boni-

761 3734 866 3774 taen
884 3734 1208 3782 archiepiscopi
1227 3739 1271 3772 et
1291 3734 1513 3773 sociorum
1531 3734 1629 3773 eius
1647 3734 1717 3773 2ο.
1736 3734 1761 3771 b
1780 3734 2037 3781 (incipiens).
2130 3735 2172 3785 c)
2191 3734 2329 3781 igitur
2347 3735 2451 3775 aad.
2473 3735 2513 3776 1.
2600 3732 2651 3787 d)
2670 3735 2933 3774 Brittannia
2954 3738 2987 3775 1.

763 3786 806 3837 e)
833 3786 940 3826 colit
967 3788 1035 3827 2α.
1199 3786 1234 3838 t)
1263 3792 1318 3827 tr.
1349 3798 1412 3829 or.
1441 3786 1507 3828 2b,
1667 3789 1709 3835 g)
1742 3787 1923 3837 Augai,
1954 3798 2043 3826 ras.
2075 3798 2103 3825 u
2132 3787 2198 3827 25.
2362 3788 2408 3838 h)
2445 3788 2577 3835 anglo
2608 3799 2724 3828 corr.
2754 3788 2892 3836 ang-ro
2922 3790 2987 3828 2⁰.
3018 3786 3057 3828 ³5

762 3839 796 3890 i)
823 3837 1010 3879 dirivari
1038 3841 1106 3879 2α.
1127 3840 1168 3878 b.
1330 3839 1376 3888 k)
1406 3840 1565 3879 boriali
1596 3840 1663 3879 212.
1684 3840 1709 3877 b
1736 3840 1833 3885 (ubl
1852 3840 1984 3888 prior
2012 3840 2027 3878 i
2054 3840 2100 3878 in
2127 3841 2299 3881 litura).
2463 3842 2495 3887 Ι)
2532 3840 2627 3890 (sna
2654 3842 2702 3881 in
2729 3843 2893 3893 raama
2922 3843 2988 3881 20.

763 3894 822 3943 m)
850 3892 958 3932 flux.
990 3895 1030 3933 1.
1158 3891 1206 3942 n)
1231 3892 1512 3933 Brittannico
1541 3894 1591 3940 13
1620 3892 1896 3942 Brytannico
1923 3893 1989 3931 sb.
2116 3893 2160 3943 o)
2189 3891 2570 3943 perfunderentur
2600 3896 2637 3935 1.
2768 3896 2815 3945 p)
2845 3895 2989 3936 wini-

762 3944 930 3985 brodus
959 3948 998 3986 1.
1109 3945 1153 3996 q)
1181 3956 1302 3986 narr.
1335 3944 1504 3995 (nostre
1533 3945 1636 3995 om.)
1665 3956 1701 3986 s.
1734 3947 1769 3989 1.
1879 3945 1917 3996 r)
1952 3956 2035 3987 om.
2067 3946 2134 3987 sa.

765 4141 818 4212 1)
859 4140 943 4207 Cf.
981 4140 1153 4193 Boaae
1189 4138 1330 4196 Hist.
1367 4141 1484 4195 eccl.
1520 4140 1569 4204 Ι,
1610 4141 1706 4195 15:
1759 4139 1827 4193 de
1863 4139 2081 4209 Anglis,
2121 4141 2228 4194 hoc
2265 4146 2347 4195 est
2381 4141 2451 4195 de
2484 4141 2584 4195 illa
2616 4141 2816 4211 patria,
2852 4160 2991 4211 quae

764 4212 1019 4280 Angulus
1055 4210 1270 4267 dicitur.
1401 4212 1460 4280 2)
1498 4212 1702 4263 Amor
1736 4213 2000 4277 anqulum
2024 4216 2253 4277 fortasse
2276 4215 2392 4266 ideo
2414 4216 2576 4281 quam·
2594 4214 2993 4278 firmamentum
3019 4222 3060 4262 ιο

765 4287 826 4347 (a
873 4284 1168 4347 firmando)
1221 4284 1627 4349 interpretamr,
1683 4280 1828 4347 quod
1881 4280 2017 4335 duos
2070 4284 2305 4352 parietes
2358 4284 2417 4337 in
2469 4300 2639 4337 unum
2694 4284 2992 4355 coniungat

765 4353 992 4418 (Isidori
1026 4354 1253 4418 E‘tymol.
1290 4353 1405 4405 XV
1401 4391 1417 4419 ,
1441 4355 1494 4417 8,
1518 4356 1571 4419 4,
1612 4354 1648 4407 l.
1674 4353 1709 4407 l.
1747 4353 1847 4419 IV,
1879 4354 2028 4417 228).
2172 4355 2228 4424 3)
2265 4356 2415 4409 Beda
2449 4355 2651 4425 Furem·
2683 4361 2732 4408 et
2768 4353 2996 4408 Rellani

777 4422 1057 4491 Uztancque
1091 4426 1334 4489 fratrum
1369 4426 1430 4476 in
1454 4423 1594 4477 Hiat.
1621 4425 1735 4478 eccl.
1761 4423 1921 4490 Anyl.
1954 4424 2064 4490 III,
2102 4427 2185 4492 19,
2222 4426 2569 4479 willibrordi
2596 4426 2669 4479 ib.
2700 4426 2764 4490 V,
2793 4430 2875 4482 10.
2906 4429 2990 4482 11.

767 4497 1019 4548 meminit.
