3167 5192
718 516 822 571 176
937 512 1182 569 VITAE
1217 512 1623 569 BONIFATII
1658 512 2019 569 AUCTORE
2057 514 2365 571 OTLOHO
2400 514 2637 571 LIBER
2658 514 2736 572 H.

475 722 613 768 xpm.
628 722 696 760 59.
718 720 890 776 quam
945 702 1122 760 trium
1178 703 1510 777 anqelorum
1567 701 1802 761 nomina
1860 721 1898 760 a
1916 704 2255 778 qnoscimus,
2324 704 2389 762 id
2455 709 2539 763 est
2592 703 2969 772 Michahel²,

721 790 992 859 Gabriel,
1053 788 1399 865 Raphahel'.
1505 790 1831 850 Zacharias
1888 797 2109 851 sanctu
2130 812 2161 852 s
2217 812 2385 867 papa
2450 793 2637 853 dixit.-
2706 791 2974 867 ‘Optime

705 868 1051 954 provisumb
1118 884 1203 939 est
1265 898 1304 938 a
1369 884 1562 940 vestra
1627 880 1943 949 sanctitate,
2006 886 2073 940 ut
2127 880 2487 956 conscripta⁰
2544 882 2705 941 illius
2760 881 2973 941 omnia

715 958 886 1043 iyned
939 987 968 1027 c
990 986 1022 1027 o
1044 988 1085 1027 n
1108 988 1260 1027 crem
1281 974 1485 1042 entur;
1552 969 1651 1027 sed
1708 974 2050 1043 oportunum
2106 974 2205 1039 est,
2267 975 2334 1029 ut
2376 972 2455 1030 ad
2500 971 2971 1045 reprobationem

715 1058 838 1117 eius
881 1058 946 1116 in
989 1056 1222 1117 sancto⁰
1261 1063 1454 1117 nostro
1500 1058 1715 1117 scrinio
1760 1064 2121 1119 reserventur
2166 1060 2244 1119 ad
2278 1064 2622 1134 perpetuam
2667 1059 2968 1130 confusio·
3008 1076 3036 1115 5

715 1166 858 1205 nem.
953 1146 1126 1206 Nunc
1180 1166 1334 1217 vero,
1404 1148 1544 1221 quia
1589 1146 1784 1206 omnia
1816 1153 2061 1221 peracta
2105 1154 2256 1218 sunt,
2304 1149 2373 1208 de
2416 1154 2790 1223 utrorumque
2834 1166 2969 1207 sen-

697 1226 911 1304 'tentia,
959 1254 1202 1309 quorum
1246 1236 1511 1311 superius
1554 1236 1761 1295 mentio
1807 1239 1970 1307 facta
2012 1242 2111 1307 est,
2149 1238 2628 1311 pertractandum
2672 1237 2801 1297 est'.

939 1342 1277 1401 Universum
1321 1343 1621 1401 concilium
1666 1342 1849 1402 dixit.-
1912 1342 2267 1403 ‘Aldebertus
2281 1332 2334 1413 f,
2383 1344 2544 1403 cuius
2588 1344 2751 1403 nobis
2795 1348 2971 1403 actus

715 1436 771 1490 et
795 1432 1078 1503 nefariag
1113 1436 1422 1490 commenta
1467 1432 1623 1491 lecta
1666 1436 1801 1491 sunt
1840 1437 1895 1491 et
1936 1433 2050 1507 qui
2094 1452 2152 1492 se
2188 1434 2505 1508 apostolum
2535 1432 2753 1493 censuit
2776 1433 2967 1492 nomi-

715 1508 899 1579 nareh
951 1524 1007 1579 et
1062 1521 1302 1595 capillos
1359 1512 1430 1579 et'
1463 1522 1709 1596 unyulas
1766 1538 1904 1580 suas
1950 1522 2191 1596 populis
2235 1541 2353 1622 pro
2397 1522 2604 1581 sancti
2628 1527 2655 1581 t
2672 1541 2711 1581 a
2734 1527 2761 1581 t
2778 1541 2807 1581 e
2858 1522 2967 1580 tri-
3008 1541 3055 1579 10

717 1609 894 1679 buit,
942 1608 1186 1683 quique
1229 1610 1332 1668 sub
1377 1611 1601 1669 obtentu
1646 1611 1977 1685 anqelorum
2022 1612 2278 1670 demones
2306 1612 2371 1669 in
2414 1630 2607 1670 suum
2638 1610 2969 1669 auxilium

715 1699 959 1767 invocat,
1006 1699 1085 1756 sit
1127 1700 1198 1757 ab
1244 1699 1398 1758 omni
1443 1697 1641 1770 officio
1684 1700 2028 1758 sacerdotali
2072 1700 2312 1769 alienus,
2374 1718 2545 1775 ayens
2578 1700 2969 1819 penitentiam

707 1806 823 1860 pro
882 1788 1212 1856 commissis,
1282 1793 1338 1847 et
1393 1788 1645 1862 amplius
1688 1788 1808 1846 iam
1856 1790 2139 1863 populum
2183 1789 2415 1847 minime
2457 1790 2704 1848 seducat.
2799 1777 2954 1847 ,9ἱηί

717 1881 904 1934 autem
948 1876 1013 1935 in
1056 1877 1148 1935 his
1191 1878 1485 1935 erroribus
1518 1878 1978 1951 perseveraverit
2018 1882 2074 1936 et
2102 1880 2387 1952 populum
2432 1878 2683 1952 amplius
2722 1878 2965 1937 seduoee·

717 1954 866 2034 ritk,
899 1965 978 2023 sit
1019 1966 1323 2024 anathema
1365 1970 1421 2024 et
1462 1970 1689 2025 aeterno
1719 1964 1836 2025 Dei
1870 1966 2083 2025 iudicio
2125 1967 2557 2041 condempnetur
2600 1967 2785 2026 omnis
2807 1986 2845 2041 q
2869 1986 2915 2025 u
2938 1986 2968 2025 e
3004 1983 3051 2023 15

708 2072 755 2127 p
780 2073 818 2111 a
840 2054 1016 2112 rite
1039 2074 1104 2123 r,
1176 2055 1275 2128 qui
1335 2054 1387 2113 ei
1445 2055 1787 2113 consenserit
1836 2060 1940 2114 aut
1981 2056 2103 2115 eius
2144 2056 2463 2115 doctrinam
2508 2062 2727 2115 secutus
2773 2056 2969 2128 fuerit

719 2147 823 2200 aut
864 2142 1167 2202 adiunctus
1212 2144 1411 2214 fuerit.
1507 2142 1791 2203 Similiter
1834 2149 1889 2203 et
1936 2144 2206 2213 Clemens,
2268 2145 2368 2219 qui
2402 2163 2516 2219 per
2559 2163 2725 2204 suam
2770 2145 2961 2204 stulti-

719 2231 868 2289 ciam
911 2236 1236 2290 sanctorum
1269 2237 1514 2306 patrum
1558 2237 1776 2291 statuta
1809 2234 2003 2292 omnia
2016 2252 2051 2307 q
2064 2252 2105 2291 u
2118 2252 2147 2291 e
2190 2234 2495 2307 synodalia
2539 2238 2670 2293 acta
2713 2234 2959 2307 respuit,

718 2320 976 2390 inferens
1019 2321 1190 2379 etiam
1235 2322 1568 2380 christianis
1612 2322 1995 2391 Iudaismum,
2049 2322 2187 2380 dum
2234 2322 2441 2397 predic
2454 2341 2493 2381 a
2507 2328 2553 2392 t,
2603 2323 2821 2394 fratris
2867 2322 2960 2381 de-

719 2409 908 2480 functi
973 2410 1225 2483 accipere
1239 2398 1260 2440 ¹
1319 2429 1576 2479 uxorem,
1647 2411 1883 2485 insuper
1926 2416 1981 2470 et
2035 2411 2375 2471 dominumm
2420 2412 2613 2470 Iesum
2662 2411 2963 2471 Christum
2996 2429 3045 2468 20

720 2496 1131 2557 descendentem
1199 2499 1277 2557 ad
1341 2500 1566 2570 inferos
1624 2518 1813 2559 omnes
1868 2500 2006 2574 pios
2061 2505 2117 2559 et
2170 2500 2380 2575 impios
2436 2500 2641 2559 exinde
2686 2500 2966 2574 predicat

721 2588 1092 2656 abstraxisse,
1140 2589 1212 2646 ab
1258 2589 1414 2647 omni
1457 2588 1799 2647 sacerdotali
1843 2588 2039 2661 officio
2069 2590 2320 2649 nudatus
2362 2590 2442 2649 sit
2482 2594 2537 2648 et
2578 2589 2964 2648 anathematis

720 2676 946 2735 vinculo
1003 2677 1284 2752 obliqatus
1332 2678 1671 2752 pariterque
1714 2676 1832 2736 Dei
1885 2678 2099 2737 iudicio
2146 2679 2585 2753 condempnatus
2629 2683 2707 2737 et
2749 2679 2958 2747 omnis,

720 2765 820 2837 qui
864 2764 987 2824 eius
1030 2766 1326 2841 sacrileyis
1369 2767 1713 2826 consenserit
1741 2766 2251 2841 predicationibus-⁹
2261 2814 2273 2825 .

721 2901 1344 2966 Adnotation
1488 2904 2184 2989 episcoporum
2328 2904 3043 2986 aliorumquezs

721 2991 1352 3055 sacerdotum
1401 3013 1563 3076 pro
1612 2993 2641 3057 excommunicatione
2687 2994 2958 3057 here-

874 3080 1302 3144 ticorum
1363 3081 1941 3146 Aldeberti⁰
2012 3085 2106 3147 et
2167 3081 2789 3147 Clementisn.

937 3204 1020 3280 ΤΡ
1060 3208 1384 3268 Zacharias
1456 3210 1751 3284 episcopus
1824 3216 2051 3271 sanctae
2125 3210 2243 3271 Dei
2314 3212 2575 3291 ecclesiae
2650 3211 2960 3270 catholicae

720 3302 886 3371 atque
929 3298 1272 3372 apostolicae
1328 3299 1491 3357 urbis
1535 3298 1729 3358 Roma
1748 3318 1788 3358 n
1811 3318 1850 3358 a
1872 3320 1900 3359 e
1959 3301 2049 3359 his
2104 3301 2275 3376 yestis
2334 3306 2499 3376 atque
2556 3300 2859 3360 sententiae
2919 3318 2959 3358 a

719 3387 880 3445 nobis
911 3388 1301 3461 promulyatis
1343 3388 1698 3463 subscripsit.
2992 3401 3037 3439 ³0

937 3489 981 3566 †
1001 3493 1374 3569 Epiphanius
1430 3495 1725 3570 episcopus
1778 3494 2047 3555 sanctae‘l
2097 3496 2358 3576 ecclesiae
2418 3494 2613 3555 Silvae
2662 3496 2957 3556 Candidae

719 3582 810 3641 his
853 3583 1023 3657 yestis
1067 3588 1234 3658 atque
1277 3584 1580 3643 sententiae
1626 3602 1665 3642 a
1707 3584 1869 3644 nobis
1903 3585 2293 3661 promulyatis
2336 3585 2690 3660 subscripsit.

936 3685 980 3762 †
1001 3690 1343 3749 Benedictus
1409 3692 1704 3765 episcopus
1770 3696 1997 3751 sanctae
2054 3692 2315 3771 ecclesiae
2371 3692 2761 3751 Nomentanae
2775 3692 2801 3723 ²*
2863 3691 2956 3751 his

717 3778 888 3853 qestis
933 3783 1098 3852 atque
1141 3780 1444 3839 sententiae
1488 3779 1562 3839 α’
1620 3780 1782 3839 nobis
1814 3782 2203 3856 promulqatis
2246 3781 2599 3855 subscripsit.

933 4018 1036 4059 v11.
1093 4019 1198 4067 Gap.
1228 4020 1268 4061 4.
1327 4023 1364 4061 1.
1395 4021 1464 4059 2α.
1481 4021 1521 4061 b.
1537 4032 1574 4059 e.
2986 4022 3032 4063 35

720 4126 764 4175 a)
809 4126 898 4172 Μ..
946 4125 1015 4166 Ga
1015 4126 1043 4165 b
1047 4126 1117 4164 rih
1121 4126 1162 4165 el
1208 4128 1283 4175 20⁸3
1331 4127 1621 4179 Michahelis,
1670 4128 1891 4168 Gabrielis
1934 4133 1979 4167 et
2017 4128 2292 4177 Raphahelin
2332 4128 2400 4171 2⁶.
2572 4127 2618 4178 b)
2662 4125 2841 4176 §visum
2882 4128 2949 4167 Σὺ.

720 4178 812 4230 cs)
791 4180 962 4229 scriptu
989 4179 1026 4231 (e
1027 4190 1116 4222 o.rr
1143 4180 1386 4233 scripta)e
1359 4181 1457 4220 eius
1485 4182 1546 4221 2ο.
1685 4179 1731 4231 d)
1769 4181 1864 4227 igni
1891 4182 1956 4222 2⁶.
2096 4182 2137 4231 ο)
2167 4180 2339 4232 (sancto
2366 4180 2471 4231 om.)
2498 4180 2661 4221 scrinio
2688 4192 2735 4220 n.
2766 4181 2892 4220 Σαώ.
2910 4192 2949 4219 e.

719 4234 754 4281 t)
781 4232 842 4272 Al
823 4230 1026 4273 ldbertuz
1055 4234 1095 4272 1.
1204 4235 1250 4282 g)
1277 4244 1336 4273 ne
1311 4234 1384 4273 eat
1384 4234 1476 4273 uda.
1499 4234 1567 4273 22».
1677 4234 1725 4285 h)
1753 4234 1976 4274 nominari
1995 4236 2063 4273 20.
2079 4235 2119 4274 b.
2139 4246 2173 4277 c.
2281 4234 2313 4285 i)
2342 4234 2391 4275 Si
2410 4234 2475 4277 2b.
2582 4232 2633 4285 k)
2657 4234 2706 4272 in
2720 4234 2859 4273 utura
2879 4235 2948 4273 2ο.

721 4286 754 4338 l)
780 4297 884 4335 poss
887 4288 1041 4381 ‹ibada-
1072 4288 1142 4325 2a.
1165 4286 1252 4327 b.e
1375 4287 1437 4339 m)
1474 4293 1677 4327 nostrum
1706 4288 1807 4330 aad.
1834 4288 1902 4327 nb.
2011 4288 2058 4339 n)
2090 4285 2336 4329 Adnotatio
2362 4308 2417 4317 —·
2444 4286 2687 4327 clementis
2713 4298 2797 4327 om.
2828 4286 2895 4327 2⁶.
2911 4297 2947 4326 e.

719 4337 894 4391 ode)A
942 4342 1029 4379 erti
1057 4342 1095 4379 1.
1205 4340 1296 4391 p)t
1282 4342 1343 4379 iat
1370 4342 1452 4389 2a,·
1477 4352 1560 4384 om.
1589 4342 1664 4390 20,-
1687 4350 1832 4380 moces
1856 4351 2001 4380 omnes
2026 4352 2111 4381 om.
2138 4342 2181 4383 1.
2207 4341 2399 4389 2b.d.e;
2424 4352 2532 4390 quae
2556 4342 2753 4388 deinceps
2778 4342 2950 4389 saepius
2981 4343 3029 4382 40

749 4404 932 4432 ceni-run
911 4341 968 4444 bt,
1001 4393 1160 4433 vuocab
1161 4394 1206 4433 la
1232 4394 1403 4442 passim
1430 4405 1516 4444 per
1550 4395 1845 4443 compendium
1883 4396 2047 4443 scripta
2081 4398 2181 4433 sunt
2217 4395 2257 4435 1.
2297 4395 2365 4434 2ο.
2392 4394 2431 4433 b.
2595 4394 2642 4445 q)
2682 4394 2806 4433 eccle
2846 4394 2948 4442 (sic)

744 4452 874 4487 nnete
901 4448 963 4488 2⁶.
1090 4448 1129 4498 r)
1157 4448 1472 4489 nomentanae
1498 4448 1547 4486 in
1571 4449 1709 4487 litura
1736 4449 1818 4496 2a;
1844 4448 2125 4490 Numentane
2153 4448 2220 4488 2⁶.
2236 4458 2271 4488 e.
2400 4449 2438 4497 s)
2466 4458 2495 4487 a
2521 4447 2716 4498 nobisfl‘)
2742 4458 2855 4487 orac.
2886 4448 2946 4487 2ο.
