3167 5192
2222 0 2932 166 *q

462 503 567 558 198
678 497 921 555 VITAE
957 498 1359 555 BONIFATII
1395 498 1757 556 AUCTORE
1793 497 2068 556 ΟΤῘιῡΗί

214 689 593 757 zamam-ez
658 688 921 748 rabidisss
989 688 1144 762 lupis
1208 693 1263 746 et
1326 689 1561 746 canibus
1629 689 1852 761 fuerint
1903 690 2026 748 lace

458 778 656 857 ceteris
698 777 985 852 separari,
1032 796 1101 836 ne
1146 779 1403 848 furentes
1444 782 1499 836 et
1538 777 1856 836 mordentes
1897 782 1999 859 cet(

502 903 508 910 ·
672 866 986 942 Inquisivit
1048 871 1103 924 et
1164 866 1267 925 hoc
1324 866 1669 937 fraternitas
1727 871 1845 935 tua,
1907 866 1963 925 si

460 956 727 1027 feminas,
788 955 1255 1030 quemadmodum
1314 955 1433 1013 viri
1480 955 1870 1026 faciunt,
1931 973 1960 1014 s

458 1045 520 1102 iu
578 1063 719 1124 cena
760 1043 1003 1103 Domini
1060 1061 1231 1144 quam
1291 1044 1355 1102 in
1420 1032 1598 1102 aliisb
1651 1043 1866 1104 diebus.

458 1138 675 1207 ceptum
718 1133 867 1202 est0,
914 1132 1065 1207 quod
1109 1133 1207 1206 qui
1242 1151 1378 1254 per‘¹
1382 1131 1550 1204 fidem
1594 1133 1917 1206 impleverit

457 1221 687 1281 Etenim
752 1223 871 1280 viri
938 1227 993 1280 et
1056 1211 1378 1280 mulieres‘¹
1442 1240 1621 1280 unum
1679 1221 1912 1281 Domin

456 1311 631 1370 caelis
672 1315 771 1371 est.

670 1399 795 1458 Pro
853 1399 1321 1458 benedictionibus
1383 1387 1612 1458 autemf
1623 1445 1640 1468 ‚
1701 1417 1844 1473 quas

459 1489 670 1559 frater,
718 1488 915 1548 multis
958 1488 1119 1546 vitiis
1146 1488 1471 1546 variantur.
1550 1487 1708 1546 Nam
1754 1507 1856 1546 nom

456 1577 560 1636 hoc
618 1577 862 1648 faciunt,
922 1577 1021 1636 sed
1065 1595 1181 1650 per
1236 1595 1446 1635 vanam
1502 1577 1768 1651 qloriam,
1829 1608 1839 1628 ι

458 1684 603 1734 nem,
664 1666 843 1740 quia
886 1666 1164 1740 scriptum
1207 1670 1321 1724 est:
1390 1667 1455 1724 Si
1500 1667 1642 1742 quis
1687 1667 1825 1724 vob'

457 1754 545 1824 id,
615 1757 784 1831 quod
842 1757 1352 1831 euangelizatum
1410 1759 1529 1824 est,
1591 1757 1802 1813 anath

459 1861 493 1916 q
516 1862 608 1901 ue
654 1844 959 1903 catholicae
1004 1843 1351 1912 traditionis,
1401 1863 1435 1918 q
1458 1863 1499 1902 u
1522 1861 1640 1902 am
1685 1861 1724 1902 a
1758 1865 1782 1896 ‚s

456 1930 584 1990 Deo
629 1937 857 1991 auctore
900 1932 1121 1991 deservi
1143 1951 1175 1991 o
1190 1977 1207 2000 ,
1256 1933 1540 2006 accepisti,
1589 1933 1762 1991 omni]

670 2021 977 2095 Inquisisti
1042 2021 1232 2089 etiam,
1302 2021 1355 2079 si
1412 2027 1543 2080 ante
1599 2022 1730 2080 XX
1732 2069 1746 2078 ,

456 2109 745 2168 ordinare.
840 2111 1068 2168 Bonum
1112 2115 1167 2168 et
1210 2127 1519 2184 conqruum
1563 2115 1662 2178 est,
1713 2111 1734 2166 l

444 2203 749 2270 provectae
792 2199 997 2257 aetatis
1042 2203 1097 2256 et
1138 2199 1268 2257 boni
1313 2199 1618 2258 testimonii
1680 2219 1710 2254 τ·

454 2286 718 2346 instituta
762 2288 1098 2347 ordinentur
1141 2287 1473 2346 sacerdotes,
1570 2286 1638 2346 Si
1684 2315 1694 2337 ι

452 2377 751 2435 necessitas
794 2377 1063 2450 exposcit,
1112 2395 1151 2434 a
1180 2377 1372 2435 XXV
1386 2364 1420 2406 ¹¹
1461 2395 1575 2434 ann
1599 2377 1622 2434 i
1645 2398 1669 2430 ‚s

452 2465 623 2523 ordin
644 2484 673 2522 e
694 2470 849 2534 ntur,
898 2465 1366 2539 quemadmodum
1410 2465 1473 2523 in
1518 2466 1632 2540 leye

662 2554 896 2613 Miloni
939 2559 1125 2613 autem
1168 2542 1253 2612 et¹
1298 2554 1420 2612 eius
1447 2553 1648 2613 simili]

448 2647 661 2712 nocent,
708 2648 773 2701 ut
807 2662 846 2702 a
872 2643 1106 2715 nefario
1152 2661 1318 2718 opere
1360 2643 1640 2702 recedant.

447 2730 750 2804 inportune
781 2733 1043 2805 predica.
1138 2730 1206 2791 Si
1235 2732 1616 2806 acquievemnt

447 2820 675 2878 animas
732 2838 903 2892 suas,·
964 2821 1017 2880 si
1076 2839 1209 2879 vero
1267 2839 1425 2880 non
1470 2821 1594 2878 ob«

436 2909 692 2980 peccatis
734 2910 873 2977 suis,
937 2914 995 2967 tu
1042 2915 1247 2979 autem,
1294 2911 1393 2984 qui
1441 2915 1573 2968 rectr

448 3001 623 3055 tuam.

658 3085 790 3144 Hoc
824 3086 899 3144 si
921 3105 979 3144 m
1001 3087 1084 3145 ul
1117 3087 1427 3161 inquisisti,
1451 3107 1531 3161 po

446 3174 673 3232 comedi.
768 3175 1021 3234 Licet
1054 3194 1171 3249 pro
1216 3176 1318 3235 hoc
1363 3165 1443 3234 ak
1470 3197 1527 3249 p

447 3262 551 3320 tibi
607 3268 692 3321 ta
713 3282 771 3321 m
793 3283 822 3322 e
843 3283 883 3323 n
929 3265 1147 3338 petenti
1205 3265 1497 3323 consilium

442 3352 661 3421 mandi,
711 3353 1063 3428 priusquam
1106 3354 1147 3413 d
1169 3372 1198 3410 e
1218 3371 1393 3429 super
1440 3358 1487 3424 fa

442 3459 575 3500 vero
636 3442 787 3511 libet,
848 3448 915 3501 ut
955 3443 1293 3502 incoctumm
1337 3461 1465 3501 man

439 3530 556 3588 erit
594 3531 1040 3592 manducandus.

655 3620 977 3695 Episcopus
1020 3626 1207 3680 autem
1252 3622 1437 3681 condem

442 3711 533 3767 tor
578 3713 629 3767 et
677 3710 999 3780 fornicator
1044 3711 1243 3769 existit
1286 3716 1432 3785 atqw

440 3797 741 3856 vendicare
784 3798 1012 3868 nititur,
1060 3800 1151 3858 hic
1196 3801 1383 3858 omnin
1392 3824 1419 3850 o

438 3883 700 3957 infideli¹1
754 3905 878 3945 cum
922 3886 1103 3959 fidele,
1151 3893 1255 3947 aut
1298 3908 1385 3963 qua

650 3973 746 4034 De
810 3977 1169 4036 ordinatione
1224 3979 1373 4037 etia»

439 4069 656 4138 cogente
710 4066 1035 4126 necessitate
1092 4071 1147 4125 et
1191 4087 1357 4142 paup

649 4233 753 4274 vn.
810 4235 915 4284 Gap.
945 4236 1012 4275 18.
1080 4239 1117 4280 1.
1145 4238 1215 4276 2a.
1238 4238 1275 4278 b.
1300 4253 1331 4274 r.

437 4321 531 4368 a)r
506 4322 678 4371 raspidi
706 4325 745 4373 1,
774 4335 889 4368 corr.
990 4324 1037 4374 b)
1064 4326 1287 4386 offlefleris

436 4379 503 4442 ξς
531 4383 577 4422 h.
599 4383 669 4423 Do
670 4385 840 4425 minum
858 4387 925 4426 2⁶.
1010 4387 1045 4438 f)
1072 4397 1183 4436 quas
1203 4395 1281 4426 aut

437 4447 475 4486 V
503 4453 590 4483 mm
594 4447 716 4486 0212.
870 4447 903 4500 i)
932 4448 1118 4498 eiu-que
1146 4451 1212 4489 2ο.
1237 4451 1274 4488 b.

434 4506 536 4554 m)i
520 4516 622 4546 mo
624 4512 722 4548 enta
746 4510 817 4550 20.
839 4511 879 4551 b.
901 4522 938 4555 c.
1044 4513 1091 4560 ιι)
1120 4510 1241 4552 fideli
1272 4530 1280 4547 ι
