3167 5192
675 515 838 573 Lxx
1564 513 2029 574 PRAEFATIO.

900 697 983 783 Γ)
1055 698 1263 766 Codex
1319 697 1915 764 Admontensis
1978 719 2044 762 n.
2108 702 2257 778 654,
2322 719 2488 763 saec.
2543 697 2722 779 XII,
2775 703 2929 779 post

691 788 1056 855 Willibaldi
1115 788 1347 853 librum
1409 784 1576 871 (402²)
1604 788 1642 868 1,
1706 785 1836 850 alio
1888 791 1948 850 et
2004 785 2275 851 librario
2336 784 2479 867 (fol.
2536 787 2922 870 183—192)

680 883 742 943 et
779 877 1194 960 quaternione
1238 875 1707 958 incipientibus,
1755 875 1867 955 fol.
1908 873 2297 939 183—-186‘.
2332 881 2587 957 partem
2622 874 2925 956 ceciquam

682 965 836 1032 libri
880 965 1146 1031 alterius
1185 964 1394 1030 Otlohi
1441 963 1714 1030 continet
1732 965 1773 1045 2,
1821 963 1959 1029 scil.
1992 985 2043 1029 c.
2079 969 2363 1029 21-26,
2397 962 2487 1028 in.
2530 959 2619 1045 (p.
2656 969 2807 1045 206,
2835 969 2921 1026 23

680 1091 770 1100 --
789 1061 938 1138 210,
992 1053 1128 1137 12),
1190 1075 1368 1136 quae,
1432 1053 1663 1118 litteris
1708 1051 2060 1134 primariis
2116 1051 2426 1134 miniatis,
2487 1052 2561 1117 in
2621 1060 2752 1118 octo
2811 1053 2925 1118 tec-
2962 1077 2993 1116 ε

683 1144 884 1210 tiones
927 1143 1139 1210 divisa
1181 1149 1346 1208 sunt.
1427 1143 1791 1224 Sequuntur
1836 1139 1981 1222 (fol.
2020 1139 2424 1223 186’--189)
2471 1147 2602 1207 octo
2632 1140 2927 1206 lectiones

685 1237 769 1300 de
833 1237 1073 1298 sancto
1134 1230 1456 1298 Barnaba
1515 1237 1574 1296 et
1634 1229 1777 1311 (fol.
1833 1236 1955 1294 189
1974 1229 2252 1313 -192’)
2314 1231 2389 1295 V.
2446 1229 2695 1295 Otmari
2754 1236 2923 1295 auct.

696 1321 1112 1402 Walahfrido
1159 1343 1210 1386 c.
1254 1326 1422 1384 1-4
1474 1317 1624 1402 (SS.
1674 1320 1779 1400 II,
1813 1318 2128 1403 41—43).

900 1407 1014 1494 2a)
1058 1409 1265 1475 Codex
1302 1407 1841 1475 Treverensis
1886 1407 2285 1474 bibliothecae
2315 1407 2701 1474 cathedralis
2736 1429 2802 1472 n.
2836 1414 2924 1471 93

689 1496 914 1577 (antea
977 1498 1155 1581 102),
1216 1519 1378 1564 saec.
1435 1497 1611 1578 XII,
1674 1497 1824 1562 otim
1886 1493 2028 1577 (fot.
2086 1495 2153 1579 1)
2214 1499 2393 1563 liber
2454 1498 2925 1582 apostolorum
2965 1523 3025 1561 ιο

684 1589 877 1655 Petri
923 1592 994 1654 et
1024 1589 1228 1652 Pauli
1268 1589 1344 1652 in
1373 1588 1855 1652 Patherbrune
1890 1583 2291 1667 (monasterii
2327 1583 2924 1668 Abdinqhovensis),

671 1683 900 1760 postea
975 1699 1058 1742 ex
1141 1678 1337 1742 libris
1416 1676 1897 1760 Christophori
1989 1677 2259 1740 comitis
2338 1677 2423 1740 de
2502 1675 2929 1740 Kesselstatt

690 1767 933 1832 decani
978 1767 1559 1831 Paderbornensis
1607 1787 1789 1829 anno
1843 1769 2030 1843 1803,
2079 1763 2194 1844 fol.
2242 1763 2592 1828 83—120‘.

903 1851 1048 1940 2a1)
1109 1854 1316 1920 Codeoe
1369 1853 1896 1919 Coloniensis
1942 1852 2192 1918 archivi
2235 1853 2475 1918 urbani
2517 1852 2687 1917 inter
2730 1851 2929 1917 libros

685 1943 1010 2028 yymnasii
1067 1942 1459 2008 Coloniensis
1511 1964 1575 2006 n.
1631 1947 1773 2023 140,
1830 1963 1989 2007 saec.
2043 1941 2117 2006 X
2131 1942 2201 2016 V,
2264 1941 2412 2006 olim
2459 1941 2791 2023 pertinens
2838 1941 2930 2004 ad
2969 1965 3023 2004 ιε

693 2035 1105 2098 conventum
1166 2033 1461 2096 fratrum
1525 2032 1779 2096 Sancte
1829 2030 2067 2096 Crucis
2116 2030 2615 2108 coloniensem,
2678 2030 2790 2110 fol.
2839 2034 2927 2092 49

694 2128 889 2185 -93.
953 2122 1022 2186 V.
1085 2120 1420 2201 Bonifatii
1477 2121 1765 2200 continet,
1826 2140 2161 2201 versusque
2218 2119 2331 2199 fot.
2389 2126 2494 2183 93.
2553 2117 2933 2200 subscriptio

692 2209 1092 2291 subsequitur
1135 2210 1324 2274 haec:
1382 2210 1685 2294 Explicit
1730 2210 1877 2273 vita
1923 2213 1993 2274 et
2040 2210 2264 2293 passio
2312 2209 2537 2274 sancti
2583 2209 2933 2272 Bonifacii

693 2300 1246 2383 Maguntinensis
1295 2299 1795 2384 archiepiscopi
1842 2301 1912 2362 et
1960 2300 2296 2362 sociorum
2346 2300 2493 2363 eius
2542 2299 2763 2362 altera
2818 2297 2931 2361 die

695 2394 852 2474 post
943 2388 1368 2452 Scholastice
1459 2389 1744 2472 virginis
1837 2385 2063 2467 (Febr.
2162 2386 2275 2470 11)
2373 2408 2554 2452 anno
2648 2387 2933 2450 Domini
2970 2409 3029 2449 so

693 2477 1334 2542 MOOOOXXXVI.
1396 2498 1518 2561 per
1575 2478 1866 2542 fratrem
1914 2477 2340 2560 Heynricum
2402 2475 2931 2541 conventualem

695 2566 1192 2631 Coloniensem.

909 2653 1070 2736 2a1*)
1127 2653 1334 2720 Codes:
1378 2652 1971 2718 Bruxeliensis
2017 2674 2081 2718 n.
2124 2658 2495 2734 428-442,
2553 2675 2615 2717 a.
2669 2657 2933 2715 1477-—

696 2749 800 2808 85.
850 2749 1169 2824 exaratus,
1219 2742 1369 2807 olim
1417 2741 1611 2824 (saec.
1664 2742 1738 2806 X
1752 2740 1837 2823 V)
1884 2743 2062 2807 liber
2106 2745 2503 2808 sanctorum
2549 2742 2813 2826 Eliphii
2860 2745 2934 2806 et

695 2833 983 2896 Martini
1041 2833 1115 2896 in
1163 2832 1451 2897 Colonia
1512 2833 1910 2897 monasterii
1970 2833 2229 2896 ordinis
2290 2833 2512 2896 sancti
2567 2831 2936 2896 Benedicti
2972 2853 3029 2891 25

693 2920 806 3002 vel,
876 2927 948 2986 ut
1003 2941 1164 2986 saec.
1231 2920 1305 2984 X
1319 2920 1528 2985 VIII.
1596 2922 1965 2984 adnotatum
2025 2925 2131 3001 est,
2203 2920 2379 2985 liber
2440 2921 2583 2984 divi
2642 2920 2933 2983 Martini

695 3010 978 3074 Maioris
1035 3011 1111 3072 in
1158 3009 1446 3074 Colonia
1492 3011 1878 3094 Agrippina
1921 3011 2389 3074 Romanorum
2450 3009 2703 3094 oppido
2766 3009 2933 3073 cele·

696 3099 1011 3176 berrim0‚
1059 3097 1270 3179 ibique
1313 3098 1605 3181 siqnatus
1649 3099 1741 3162 Η.
1781 3104 1880 3176 12,
1929 3097 2043 3178 fol.
2079 3096 2495 3162 217’-255’.
2530 3118 2683 3178 opus
2723 3095 2936 3161 Ottohi

694 3207 830 3252 una
860 3208 999 3252 cum
1029 3186 1312 3252 versibus
1342 3185 1617 3252 continet
1634 3187 1675 3266 3,
1724 3207 1877 3268 quos
1907 3185 2279 3268 subscriptio
2316 3185 2713 3267 subsequi-tur
2743 3185 2898 3250 haec
2914 3207 2936 3248 .·

697 3277 969 3340 Finitus
1018 3282 1122 3342 est
1169 3277 1344 3342 liber
1388 3277 1520 3340 iste
1569 3276 2033 3360 caligantibus
2080 3276 2297 3340 oculis
2333 3277 2406 3338 in
2441 3277 2552 3340 die
2585 3276 2936 3339 Francisci
2974 3297 3028 3336 30

695 3365 920 3430 sancti
965 3366 1374 3430 confessoris
1423 3363 1703 3442 (Octobr.
1755 3363 1829 3446 4)
1878 3386 2057 3429 anno
2105 3365 2388 3429 Domini
2437 3369 2627 3428 1485.

911 3451 1110 3535 2α1**)
1181 3453 1390 3519 Codex
1445 3452 2105 3535 Hamburyensis
2168 3475 2234 3518 n.
2296 3459 2466 3517 1113
2524 3451 2727 3533 (Hist.
2788 3451 2933 3516 eccl.

695 3542 808 3623 fot.
857 3564 922 3607 n.
972 3541 1137 3624 IV),
1186 3564 1344 3608 saec.
1398 3542 1603 3624 XVI,
1652 3564 1725 3624 p.
1780 3547 2015 3605 1—80.
2108 3541 2321 3607 Vitam
2363 3539 2700 3621 Bonifatii
2744 3539 2937 3604 initio

696 3630 986 3696 mutilam
1057 3627 1212 3709 (inc.
1283 3631 1352 3713 I,
1419 3637 1532 3711 24,
1592 3653 1665 3713 p.
1735 3637 1887 3712 136,
1944 3636 2056 3694 17:
2134 3626 2504 3714 [tran]siret
2573 3633 2644 3695 et
2720 3650 2935 3714 prope

697 3721 986 3804 flumen)
1049 3720 1336 3803 continet,
1399 3741 1592 3802 quam
1636 3742 1708 3802 p.
1760 3726 2085 3783 81-101,
2182 3721 2254 3784 V·.
2302 3718 2711 3785 Willibrordi
2769 3723 2935 3782 auct.
2976 3739 3027 3780 κε

697 3807 972 3874 Alcvino
1017 3809 1177 3874 liber
1208 3810 1266 3892 I,
1302 3831 1374 3891 p.
1416 3815 1781 3873 105-147,
1845 3809 1919 3873 V.
1964 3808 2266 3891 Greqorii
2304 3806 2728 3873 Traiectensis
2769 3811 2935 3871 auct.

699 3897 1020 3980 Liudyero
1038 3899 1082 3978 4,
1119 3920 1190 3980 p.
1231 3904 1597 3963 149—190.
1676 3898 1748 3962 V.
1784 3897 1880 3962 II
1876 3945 1891 3960 .
1924 3897 2239 3980 Liudyeri
2258 3897 2283 3936 5
2326 3902 2691 3978 sequuntur,
2738 3915 2939 3959 manu

700 4073 754 4138 1)
787 4071 848 4125 V.
884 4087 1056 4140 supra
1089 4090 1146 4140 p.
1170 4072 1350 4125 XXV.
1497 4071 1551 4140 2)
1594 4071 1679 4136 Cf.
1722 4071 1966 4123 ‘Archiv’
1996 4072 2089 4136 VI,
2118 4074 2238 4126 179.
2289 4072 2357 4124 Α.
2382 4070 2733 4136 Ni’irnberyer
2757 4069 2938 4134 (Com-

697 4144 948 4196 mentatio
993 4160 1048 4210 p.
1087 4146 1185 4208 30)
1226 4143 1446 4208 erravit,
1496 4143 1662 4195 codici
1699 4144 1757 4197 1*
1808 4143 2061 4210 epitomen
2114 4142 2289 4194 Otlohi
2333 4143 2701 4194 Treverensem
2750 4142 2938 4206 (infra

697 4213 874 4275 2a²**)
912 4215 1222 4268 attribuens.
1368 4215 1423 4281 3)
1454 4213 1654 4265 Versus
1688 4216 1748 4264 in
1782 4215 1918 4265 calce
1952 4215 2085 4266 libri
2116 4213 2336 4265 secundi
2357 4215 2633 4265 collocatos
2655 4213 2940 4264 ediderunt
2974 4221 3029 4260 40

699 4285 1065 4352 Bollandiani,
1105 4285 1389 4350 Cataloyus
1421 4286 1655 4337 codicum
1691 4285 2045 4351 hayioyraph.
2084 4285 2330 4338 Bruoeell.
2364 4285 2411 4351 I,
2451 4287 2500 4349 1,
2540 4285 2695 4349 1886,
2725 4300 2784 4350 p.
2808 4285 2935 4338 234.

701 4357 875 4409 Codex
919 4356 1164 4408 ‘Archiv’
1213 4356 1335 4422 VII,
1372 4358 1495 4416 460,
1547 4371 1731 4408 errore
1781 4373 1834 4414 n.
1874 4359 1993 4411 192.
2042 4358 2291 4421 signatus
2339 4361 2428 4410 est.
2590 4354 2646 4423 4)
2700 4355 2787 4418 Cf.
2837 4353 2937 4409 SS.

698 4427 790 4550 {V
767 4427 828 4494 V,
853 4428 1108 4550 64.XL5)
1148 4427 1232 4492 Cf.
1265 4427 1347 4481 W.
1373 4427 1657 4494 Diekamp,
1697 4427 2221 4494 ‘Geschichtsquellen
2244 4427 2335 4480 des
2360 4427 2640 4478 Bisthums
2664 4424 2939 4477 Manem-²

783 4537 801 4565 ,
843 4516 904 4566 p.
1059 4499 1182 4553 VII.
