3167 5192
430 653 572 704 m.
588 653 655 694 re.

674 447 781 502 186
895 441 1140 498 VITAE
1174 441 1579 500 BONIFATII
1614 443 1976 500 AUCTORE
2011 443 2319 500 ommno
2351 443 2590 501 LIBER
2610 444 2699 504 Π.

674 632 1007 703 meruerint,
1052 631 1222 705 finem
1266 632 1649 708 mamni&
1741 621 1901 707 Aqeb
1939 633 2150 708 itaque,
2199 635 2392 704 frater
2435 633 2827 703 dilectissime,
2858 634 2922 692 in

676 721 993 781 ministerio
1039 722 1143 780 tibi
1187 720 1499 790 commisso,
1546 725 1614 780 ut
1645 722 1719 780 ab
1749 722 2120 797 omnipotente
2148 721 2277 780 Deo
2310 723 2604 797 premium
2631 722 2922 798 recipiens

676 810 1003 870 aeternam⁰
1040 810 1221 869 vitam
1264 809 1525 884 consequi
1568 810 1864 870 merearis.
1941 809 2106 870 Deus
2151 815 2202 870 te
2244 811 2571 870 incolomem
2611 812 2919 881 custodiat,

676 899 1124 958 reverentissime
1168 902 1379 971 frater.

646 1071 785 1150 .(9).
894 1074 1664 1137 REVERENTISSIMO
1689 1071 1713 1110 ¹
1787 1075 2130 1136 FRATRI
2192 1067 2724 1138 ΒΟΝΙΙΨΑΤΙΟ·ἰ
2797 1076 2922 1138 GO—
2957 1099 2984 1138 5

766 1163 1183 1225 EPISG'OPO
1226 1163 1715 1224 ZAOHARIAS
1759 1163 1922 1225 SER
1933 1164 2089 1226 VUS
2130 1164 2292 1226 SER
2303 1166 2469 1226 VoR
2478 1165 2607 1227 ΠΜ
2641 1165 2830 1228 DEI.

891 1287 1093 1348 Sacris
1136 1289 1430 1348 liminibus
1472 1289 1624 1348 beati
1665 1290 2052 1364 apostolorum
2086 1289 2379 1365 principis
2408 1291 2573 1349 Petri
2607 1296 2664 1349 et
2705 1290 2928 1350 nostris

680 1377 961 1436 obtutibus
979 1383 1363 1453 presentatus,
1384 1396 1626 1453 presens
1645 1379 2020 1452 Burqhardu
2033 1377 2131 1448 8⁰,
2156 1379 2394 1438 dilectus
2419 1379 2579 1438 nobis
2599 1379 2925 1480 episeopus,
2985 1457 2988 1462 Ι

679 1467 1001 1526 sanctitatis
1046 1472 1175 1526 tuae
1218 1467 1415 1526 attulit
1456 1467 1694 1540 affatus.
1787 1468 1908 1527 Per
1965 1485 2208 1542 quorum
2263 1467 2448 1542 script
2467 1487 2507 1527 a
2562 1469 2926 1542 aqnovimus,

680 1574 948 1629 maqnum
994 1560 1066 1614 te
1110 1556 1315 1614 habere
1360 1560 1644 1615 certamen
1699 1556 1762 1614 in
1811 1555 2205 1631 predicatione
2249 1557 2531 1639 euanqelii
2586 1556 2928 1616 domini
2962 1579 3012 1617 ιο

679 1643 799 1702 Dei
842 1645 1026 1703 nostri
1065 1649 1121 1703 et
1146 1645 1536 1704 exhortatione
1564 1650 1794 1704 sanetae
1807 1633 1834 1676 f
1870 1644 2027 1718 fidei,
2073 1663 2247 1720 quam
2280 1664 2396 1720 per
2425 1646 2648 1704 beatum
2675 1646 2929 1704 Petrum

682 1739 737 1792 et
777 1752 883 1792 vas
934 1733 1219 1793 electionis
1262 1734 1517 1793 Paulum
1584 1753 1615 1792 c
1634 1753 1666 1815 e
1689 1739 1762 1792 te
1783 1753 1820 1793 r
1841 1752 1874 1792 o
1895 1753 1926 1794 s
1947 1753 2054 1810 que
2121 1735 2404 1834 apostolos
2463 1734 2744 1793 traditam
2801 1752 2926 1793 sus-

683 1821 949 1896 cepimus.
1050 1822 1268 1899 Quibus
1310 1823 1541 1896 aquitis,
1589 1823 1968 1897 manipotenii
1996 1822 2125 1883 Deo
2171 1823 2459 1882 inmensas
2515 1823 2734 1897 eqimus
2789 1841 2926 1896 qra-

685 1911 816 1981 tias,
868 1915 1120 1986 petentes
1164 1911 1287 1970 eius
1328 1910 1680 1984 ineffabilem
1723 1911 2098 1981 divinitatem,
2167 1917 2235 1970 ut
2275 1913 2453 1971 multo
2497 1912 2753 1986 amplius
2799 1929 2926 1970 con-

682 1997 876 2071 firmet
917 2004 1083 2075 atque
1127 2001 1451 2058 corroboret
1514 2018 1613 2058 cor
1657 2001 2050 2072 fraternitatis
2107 2005 2236 2059 tuae
2281 2005 2336 2060 et
2375 2001 2642 2076 sospitem
2684 2019 2932 2076 corpore
2965 2019 3015 2058 15

684 2092 906 2147 annuat
935 2107 1296 2163 permanere,
1344 2107 1521 2164 usque
1563 2106 1676 2163 quo
1719 2089 1842 2148 eius
1885 2089 2162 2148 divinitas
2207 2094 2258 2148 te
2301 2089 2662 2165 superstitem
2705 2089 2773 2148 in
2814 2090 2931 2148 hac

684 2177 923 2236 iusserit
964 2195 1081 2236 esse
1122 2178 1265 2246 vita,
1312 2177 1390 2235 ad
1422 2176 1841 2252 perficiendum
1883 2178 2310 2238 ministerium&
2347 2179 2451 2238 tibi
2493 2178 2826 2253 impositum
2873 2183 2934 2237 et

686 2263 764 2324 ad
797 2266 1153 2366 portandum
1196 2266 1420 2325 lucrum
1464 2266 1794 2326 animarum
1837 2267 1902 2325 in
1945 2267 2095 2326 diem
2134 2265 2353 2326 Christi
2394 2266 2552 2337 Iesu,
2597 2271 2665 2326 ut
2703 2255 2924 2326 illam¹1

685 2355 965 2414 merearis
1008 2355 1213 2414 audire
1254 2355 1688 2414 desiderabilem
1729 2373 1936 2424 vocem,
1989 2374 2164 2430 quam
2207 2356 2468 2416 dicturus
2509 2360 2595 2415 est
2633 2355 2932 2415 Dominus

686 2444 1050 2517 diliqentibus
1078 2463 1168 2504 se.-
1199 2446 1449 2518 Venite,
1497 2445 1816 2504 benedicti
1859 2447 2058 2520 patris
2094 2445 2239 2516 mei,
2288 2446 2586 2522 percipite
2630 2463 2928 2522 regnum,
2968 2463 3021 2502 20

686 2552 727 2609 q
751 2552 795 2592 u
817 2551 856 2592 o
880 2535 923 2591 d
966 2534 1147 2592 vobis
1191 2521 1520 2609 paratum1
1566 2538 1694 2592 est
1737 2535 1817 2592 ab
1865 2534 2100 2610 origine
2145 2535 2388 2593 mundi.

899 2621 1097 2681 Erant
1136 2627 1325 2681 autem
1380 2623 1598 2681 inserta
1643 2621 1706 2681 in
1759 2622 1967 2682 eisdem
2014 2623 2128 2682 tuis
2171 2623 2450 2696 affatibus
2493 2623 2726 2682 diversa
2770 2623 2928 2697 eapi-

690 2711 831 2780 tula,
878 2711 946 2770 de
990 2712 1195 2786 quibus
1237 2711 1516 2770 iudicium
1560 2700 1656 2770 etk
1690 2711 1990 2771 consilium
2035 2700 2237 2787 atque¹
2281 2713 2550 2772 solatium
2595 2711 2746 2771 sedis
2789 2729 2929 2786 apo·

686 2801 918 2858 stolicae
963 2801 1067 2858 tibi
1109 2800 1289 2873 diriqi
1331 2799 1680 2874 fiaqitastim.

900 2889 1169 2948 Primum
1226 2889 1541 2964 capitulum
1598 2907 1716 2963 pro
1781 2889 1994 2962 synodo
2049 2889 2620 2963 provinciae,
2689 2889 2753 2948 in
2812 2907 2932 2963 qua
2967 2907 3021 2946 25

688 2981 859 3036 natus
917 2983 972 3036 et
1026 2978 1279 3036 nutritus
1337 2996 1413 3047 es,
1477 2997 1650 3078 quam
1695 2978 1789 3036 et¹¹
1825 2978 1890 3035 in
1931 2983 2088 3051 qente
2131 2977 2488 3051 Anqlorum⁰
2527 2982 2584 3036 et
2626 2976 2931 3036 Saxonum
3016 3053 3021 3056 .

688 3066 751 3124 in
794 3065 1137 3124 Brittannia
1180 3067 1374 3125 insula
1428 3066 1621 3140 primi
1676 3066 2072 3141 predicatores
2115 3067 2188 3124 ab
2233 3067 2546 3166 apostoliea
2587 3066 2718 3125 sede
2761 3066 2932 3125 missi

688 3155 1061 3228 Auqustinus,
1108 3153 1481 3224 Laurentius,
1529 3155 1731 3214 Iustus
1769 3159 1824 3214 et
1849 3155 2169 3224 Honorius,
2217 3156 2519 3214 novissime
2561 3173 2599 3213 v
2621 3173 2651 3213 e
2673 3174 2709 3213 r
2734 3173 2766 3212 o
2813 3155 2930 3214 tuis

690 3244 1035 3319 temporibus
1084 3243 1433 3313 Theodorus,
1485 3243 1886 3304 Grecolatinus
1953 3249 2082 3302 ante
2139 3244 2516 3319 philosophus
2581 3248 2639 3302 et
2684 3243 2930 3302 Athenis

689 3333 968 3401 eruditus,
1012 3333 1233 3391 Romae
1276 3333 1596 3401 ordinatus,
1646 3333 1838 3407 pallio
1881 3333 2240 3401 sublimatus,
2287 3333 2365 3392 ad
2411 3334 2720 3407 prefatam
2764 3333 2930 3390 Brit-
2966 3350 3017 3388 so

690 3422 948 3481 tanniam
1015 3421 1404 3491 transmissus,
1470 3421 1768 3480 iudicabat
1830 3425 1886 3480 et
1945 3423 2312 3495 qubernabat.
2403 3420 2481 3480 In
2523 3421 2634 3480 illa
2679 3422 2794 3480 tale
2840 3421 2927 3479 de-

690 3515 904 3570 cretum
949 3515 1005 3569 et
1043 3511 1321 3569 iudicium
1366 3511 1811 3570 demonstratum
1877 3529 1995 3570 esse
2039 3511 2372 3579 dinoscitur,
2441 3514 2522 3579 ut,
2593 3509 2931 3584 quicumque

689 3600 811 3658 sine
867 3599 1253 3658 invocationel’
1310 3599 1590 3658 trinitatis
1648 3600 1796 3658 lotus
1841 3599 2066 3670 fuisset,
2125 3604 2543 3658 sacramentum
2587 3599 2928 3673 reqenerati

690 3688 816 3746 onis
859 3707 971 3746 non
1014 3688 1259 3747 haberet.
1358 3687 1522 3764 Quod
1566 3688 1792 3746 omnino
1849 3706 2048 3747 verum
2105 3693 2204 3757 est,
2275 3688 2432 3762 quia,
2501 3688 2556 3747 si
2598 3707 2824 3747 mersus
2869 3688 2930 3746 in

692 3778 850 3847 fonte
894 3776 1255 3850 baptismatis
1298 3776 1427 3851 quis
1470 3776 1593 3836 sine
1645 3775 1995 3836 invocatione
2053 3776 2334 3835 trinitatis
2394 3777 2594 3847 fuerit,
2646 3779 2884 3851 perfect
2903 3797 2930 3835 e
2965 3793 3013 3833 3⁶

688 3884 801 3924 non
846 3870 930 3924 est
971 3865 1307 3939 baptizatus.

905 4033 1009 4074 vn.
1066 4034 1201 4084 capp.
1230 4034 1271 4073 8.
1300 4034 1342 4074 9.
1406 4035 1448 4074 1.
1478 4033 1656 4074 emm.

691 4121 737 4173 a)
764 4123 991 4172 accipiant
1018 4124 1081 4164 2c.
1215 4124 1263 4170 b)
1290 4122 1425 4170 Agite
1452 4125 1517 4172 20,
1548 4133 1660 4166 corr.
1787 4122 1830 4175 ο)
1857 4133 1902 4164 v.
1929 4127 2018 4164 aet.
2044 4122 2083 4165 1.
2218 4119 2266 4174 d)
2293 4121 2358 4160 ita
2383 4121 2427 4196 h:
2459 4121 2489 4162 Ζ.
2515 4123 2556 4160 1.
2587 4123 2660 4160 20·
2649 4120 2761 4172 ,oB
2763 4122 2887 4160 uitae
2887 4122 2930 4160 io

690 4179 761 4216 2α.
784 4177 823 4216 b.
962 4178 1004 4226 e)
1033 4177 1097 4215 ita
1124 4177 1199 4227 2α;
1238 4177 1527 4216 Barchardus
1555 4177 1654 4220 rell.
1787 4176 1824 4228 ί)
1859 4173 1969 4215 fidei
1995 4185 2104 4215 sanc
2079 4179 2150 4214 cet
2177 4175 2246 4224 25,
2273 4185 2416 4222 e.,orr
2471 4175 2560 4214 .ef
2561 4172 2631 4214 dis
2663 4185 2742 4223 pr.
2774 4186 2832 4214 m.
2863 4177 2927 4215 ze.

688 4231 740 4280 g)
768 4231 851 4270 tibi
877 4231 986 4273 min.
1014 4232 1051 4272 1.
1159 4230 1207 4281 h)
1234 4229 1314 4270 ina
1332 4241 1409 4278 pr.
1439 4241 1497 4269 m.
1528 4230 1569 4269 1.
1679 4229 1712 4277 1)
1742 4229 1880 4268 inme
1851 4239 1948 4278 am
1969 4229 2114 4277 suppl.
2144 4229 2211 4270 2η.
2270 4253 2274 4257 »
2319 4228 2842 4279 k)atque2b.1)et
2861 4229 2928 4267 20.
2963 4230 3014 4268 40

691 4283 753 4335 m)
781 4284 1015 4332 flagitabas
1044 4285 1113 4323 2a.
1130 4284 1169 4324 b.
1186 4295 1221 4327 c.
1328 4285 1376 4333 ιι)
1406 4294 1489 4323 om·
1518 4283 1579 4326 20.
1687 4285 1788 4332 ο)α
1759 4281 1993 4330 angkorum
2021 4284 2089 4332 2a,
2120 4293 2236 4321 corr.
2345 4282 2394 4334 p)
2421 4292 2482 4321 vo
2483 4287 2571 4322 can:
2603 4283 2662 4324 2.

694 4427 749 4493 1)
790 4424 945 4491 Jaffe
975 4441 1028 4480 n.
1054 4428 1125 4481 66
1162 4432 1238 4494 (p.
1267 4427 1440 4492 184),·
1474 4425 1757 4478 Dnmmzir
1790 4440 1844 4478 n.
1869 4425 1943 4480 80
1977 4427 2057 4492 (p.
2083 4425 2232 4486 356).
