3167 5192
286 1031 303 1066 1
314 1059 325 1070 .
338 1029 440 1071 Gor.
454 1030 520 1078 10,
532 1030 599 1068 31.

387 1295 457 1336 1²⁸.
473 1295 541 1344 33,
559 1295 599 1334 2.

309 2536 347 2577 1.
363 2533 463 2576 Gor.
478 2535 523 2582 9,
537 2533 603 2575 22.

625 472 692 526 12
956 467 1149 522 VITA
1186 467 1591 524 BONIFATII
1626 467 1987 524 AUCTORE
2025 468 2535 525 WILLIBALDO.

620 653 879 734 iugiter
925 655 996 715 et
1042 651 1551 736 apostoloruma
1593 651 1800 716 verba
1845 651 2007 715 stilo
2046 651 2438 716 sanctitatis
2471 653 2865 736 conscripta

620 744 693 805 et
740 740 1105 822 gloriosam
1161 744 1538 824 martyrum
1601 740 1982 822 passionem
2046 740 2436 804 litterarum
2497 735 2856 824 apicibusb

620 829 951 894 insertam
972 828 1013 905 ¹,
1062 829 1183 892 sed
1231 832 1302 893 et
1350 829 1820 912 euangelicam
1877 829 2138 892 domini
2184 829 2318 893 Dei
2375 831 2595 893 nostri
2653 830 2866 893 tradi-

622 917 879 981 tionem
950 917 1237 998 cottidie
1307 917 1836 982 commendabat
1904 917 2271 981 memoriae
2342 921 2414 982 et
2471 919 2866 990 ⁴secundum

622 1007 1078 1090 apostolumss,
1152 1007 1293 1070 sive
1364 1008 1845 1070 manducasset
1914 1007 2055 1070 sive
2116 1005 2404 1070 bibisset
2463 1007 2606 1071 sive
2667 1007 2867 1070 aliud
2905 1032 2928 1070 5

622 1095 883 1176 aliquid
945 1090 1265 1178 egissetd,
1328 1094 1553 1158 laudis
1617 1115 1883 1178 semper
1942 1095 2382 1178 praeconium
2444 1098 2516 1158 et
2570 1096 2866 1160 devotae

620 1184 981 1265 fastigium
1026 1183 1456 1248 iubilationis
1501 1187 1648 1246 tam
1709 1187 1938 1247 mente
1999 1205 2204 1266 quam
2265 1184 2475 1247 etiam
2536 1205 2654 1248 ore
2715 1206 2868 1268 per-

622 1272 971 1336 solvebat⁰
1030 1272 1198 1346 De0,
1246 1273 1443 1335 iuxta
1486 1271 1667 1335 illud
1716 1272 2242 1355 psalmigraphi:
2294 1271 2686 1336 Benedicam
2733 1272 2866 1336 Do-

618 1359 865 1424 minum
908 1359 984 1424 in
1030 1358 1202 1424 omni
1248 1366 1519 1442 tempore
1531 1380 1557 1440 -,·
1603 1381 1846 1440 semper
1891 1361 2034 1424 laus·
2079 1359 2216 1424 eiu-s
2260 1359 2335 1424 ‘in
2379 1380 2485 1424 ore
2523 1381 2678 1425 meo.
2776 1362 2864 1424 In

618 1452 897 1513 tantum
943 1451 1126 1514 enim
1174 1449 1670 1532 scripturarum
1719 1449 1972 1513 exarsit
2020 1449 2376 1525 desiderio,
2425 1453 2507 1512 ut
2553 1451 2744 1514 omni
2789 1469 2862 1514 se
2901 1475 2949 1512 10

618 1531 1050 1602 intentionef
1118 1558 1354 1601 earum
1412 1539 1804 1601 imitatione
1866 1541 1936 1602 et
1996 1539 2354 1602 auditione
2415 1539 2643 1622 sepius
2705 1559 2863 1602 con-

618 1627 969 1710 iungeret3
1020 1632 1091 1691 et
1137 1647 1311 1708 quae
1359 1627 1445 1690 ob
1510 1627 1940 1690 doctrinamg
1996 1627 2404 1710 populorum
2469 1627 2864 1750 conscrip‘ta

620 1719 801 1791 sunt,
846 1715 991 1798 ipse
1040 1717 1293 1798 quippe
1339 1709 1654 1798 populish
1695 1715 1868 1778 mira
1915 1709 2178 1798 eloquii
2225 1715 2748 1780 dissertitudine
2805 1717 2863 1754 ·²

620 1809 691 1867 et
739 1803 1215 1868 sollertissima
1260 1797 1785 1887 parabularum¹
1833 1805 2223 1868 adsertione
2263 1804 2640 1868 efficaciter
2671 1825 2862 1888 prae-

622 1893 916 1956 dica-ndo
963 1892 1283 1956 retexuit.
1366 1892 1495 1955 Cui
1542 1893 1684 1956 tale
1719 1893 2150 1958 discretionis
2183 1897 2861 1978 temperamentumm
2899 1915 2948 1954 ιε

619 1981 864 2058 inerat,
913 1985 993 2044 ut
1040 1983 1110 2044 et
1168 1981 1444 2063 vigoren
1501 1981 1950 2064 correptionis
2011 1983 2469 2045 mansuetudo
2530 1985 2601 2046 et
2662 1982 2862 2064 vigor

621 2069 1152 2152 praedicationis
1228 2070 1798 2132 mansuetudine⁰
1876 2090 2016 2133 non
2086 2071 2391 2145 deeratP,
2463 2071 2584 2134 secl
2653 2091 2858 2152 quem

620 2157 803 2221 zelus
846 2158 1299 2221 accenderatq
1336 2157 1610 2240 vigoris,
1645 2160 2104 2222 mansuetudo
2137 2158 2544 2240 mitigabatr
2585 2159 2857 2222 amoris.

621 2245 971 2310 Divitibus
1004 2267 1166 2329 ergo
1200 2267 1278 2310 ac
1311 2247 1712 2330 potentibus
1743 2247 2112 2328 liberisque
2146 2268 2225 2311 ac
2256 2247 2468 2311 servis
2499 2247 2858 2329 aequalem

620 2338 899 2399 sanctae
947 2335 1394 2399 exortationis
1442 2335 1756 2399 exhibuit
1803 2335 2257 2419 disciplinam,
2306 2339 2387 2398 ut
2433 2356 2559 2399 nec
2607 2336 2858 2400 divites
2894 2359 2948 2396 20

622 2423 1004 2488 adolando⁸
1049 2424 1472 2488 demulceret
1518 2445 1646 2488 nec
1694 2445 1920 2488 servos
1968 2424 2077 2488 vel
2125 2423 2376 2488 liberos
2424 2425 2856 2488 districtione

621 2516 1136 2595 praegravaret;
1230 2515 1349 2577 sed
1426 2514 1622 2576 iuxta
1699 2510 2125 2596 apostolumt
2215 2513 2532 2576 omnibus
2624 2514 2859 2577 omnia

619 2601 849 2665 factus
910 2606 1034 2678 est,
1106 2604 1186 2664 ut
1246 2607 1525 2666 omnesu
1577 2602 2065 2666 lucrificare-tv.
2173 2601 2309 2680 Qui
2367 2605 2439 2666 et
2499 2603 2856 2666 doctrinae

621 2691 935 2754 caelestis
1002 2691 1488 2754 documentum
1514 2691 1539 2729 3
1598 2712 1736 2754 non
1797 2705 1920 2754 suo
1990 2694 2152 2755 ante
2221 2694 2494 2774 tempus
2562 2691 2858 2774 arripuit

621 2779 907 2842 arbitrio
954 2799 1078 2843 nec
1128 2779 1614 2843 obstinationis
1663 2800 1827 2844 suae
1874 2781 2130 2864 rapina·
2165 2782 2574 2862 usurpatum
2623 2780 2856 2862 adqui·
2892 2799 2944 2838 25

621 2867 780 2931 sivit
799 2918 812 2941 ,
885 2868 1005 2930 sed
1074 2871 1351 2931 sanctae
1422 2868 1842 2932 humilitatis
1911 2868 2230 2951 profectu
2299 2867 2506 2930 XXX
2575 2871 2699 2932 aut
2775 2889 2855 2932 eo

620 2954 916 3038 amplius
963 2976 1299 3019 annorum
1332 2956 1594 3020 habens
1627 2961 1948 3034 aetatem,
1998 2956 2512 3039 magisterialeW
2545 2959 2616 3020 et
2660 2957 2856 3020 fami·

620 3043 790 3107 liare
838 3043 1279 3108 sublevatus¹
1318 3045 1674 3121 electione,
1708 3045 1904 3108 iuxta
1935 3046 2303 3110 canonicae
2336 3046 2855 3109 constitutionis

619 3132 975 3216 regulam4
1043 3133 1346 3215 suscepit
1422 3137 1493 3197 et
1562 3134 1651 3196 ad
1728 3135 2174 3198 sacerdotalis
2251 3134 2466 3198 officii
2541 3135 2852 3216 gradum,

622 3221 905 3292 diversis
978 3223 1313 3284 donorum
1384 3221 1648 3285 ditatus
1718 3223 2144 3301 muneribus,
2218 3223 2534 3298 accessit,
2603 3223 2706 3285 ita
2771 3226 2856 3285 ut
2893 3243 2946 3282 ao

622 3309 1053 3374 elemosinisy
1091 3311 1367 3392 quidem
1416 3311 2096 3394 misericordiaequez
2140 3310 2480 3395 operibus,
2517 3313 2855 3393 quantum

620 3399 746 3462 sub
823 3399 1167 3482 regularia
1245 3399 1852 3482 monasterialique
1929 3401 2316 3484 praevaluit
2401 3400 2851 3477 districtione,

831 3555 867 3596 Ι.
913 3555 1018 3603 Cap.
1047 3555 1088 3594 3.
1146 3556 1184 3592 1.
1215 3554 1283 3596 2a.
1299 3554 1337 3596 b.
1351 3565 1385 3596 c.
1413 3555 1455 3594 3.
1484 3556 1526 3597 4.

618 3626 662 3671 a)
690 3625 987 3672 apostolor-om
1016 3626 1057 3674 3,
1086 3635 1196 3666 corr.
1319 3623 1366 3675 b)
1393 3625 1595 3674 apicipus
1625 3627 1664 3674 1,
1693 3636 1806 3668 corr.
1928 3624 1970 3676 e)
1997 3625 2219 3674 apostolos
2233 3625 2290 3678 (Ρ)
2309 3637 2388 3676 pr.
2417 3637 2477 3670 m.
2509 3628 2547 3668 1.
2665 3623 2713 3673 d)
2741 3626 2854 3674 egis-

618 3677 777 3728 sent(?)
806 3678 846 3728 3,
880 3688 993 3720 cor-r.
1130 3677 1172 3729 e)
1207 3679 1305 3730 (per
1332 3689 1409 3728 pr.
1445 3689 1501 3720 m.
1539 3677 1814 3729 suppl.)solv.
1853 3680 1891 3721 1.
2023 3680 2061 3727 ἰ)
2097 3690 2180 3721 om.
2209 3681 2265 3718 2α
2299 3682 2389 3729 (pr.
2425 3683 2517 3728 m.).
2545 3679 2595 3726 b;
2633 3676 2854 3718 desiderio
2889 3675 2942 3716 35

609 3740 697 3779 pro
735 3731 818 3771 int.
858 3731 905 3768 in
940 3741 1031 3772 ras.
1068 3731 1129 3772 202.
1289 3729 1338 3780 g)
1372 3735 1608 3780 sequuntur
1643 3743 1680 3772 c.
1715 3733 1740 3770 2
1776 3732 1945 3770 litterae
1981 3743 2132 3771 erasae
2167 3733 2208 3775 3.
2367 3733 2416 3783 h)
2455 3743 2538 3774 om.
2574 3732 2624 3782 35
2663 3731 2852 3781 populus

616 3785 659 3832 4,
688 3793 801 3826 corr.
923 3782 957 3833 i)
985 3785 1050 3822 ita
1070 3794 1145 3832 pr.
1172 3795 1229 3826 m.
1258 3786 1301 3832 1;
1334 3784 1503 3832 eloquii
1530 3785 1627 3826 rell.
1752 3784 1802 3835 k)
1831 3786 1984 3828 disert.
2011 3786 2036 3824 3
2065 3790 2103 3824 et
2130 3797 2187 3828 m.
2215 3785 2277 3828 al.
2307 3785 2374 3828 Σὺ.
2503 3785 2536 3834 l)
2563 3786 2628 3824 t‘ta
2657 3787 2696 3825 1.
2725 3785 2768 3826 4.
2796 3785 2854 3823 4a

617 3840 657 3874 et
675 3847 752 3885 pr.
779 3847 837 3879 m.
867 3837 917 3886 3;
945 3836 1261 3884 parabolarum
1290 3837 1360 3878 2a.
1379 3837 1417 3878 b.
1436 3848 1472 3880 c.
1593 3841 1653 3886 m)
1683 3843 1945 3887 temporam.
1975 3839 2045 3888 2α,
2073 3849 2186 3880 corr.
2305 3841 2352 3886 n)
2381 3838 2544 3890 vigor-(i
2571 3839 2618 3877 δη
2645 3840 2754 3886 rae.)
2782 3839 2857 3886 2ος

617 3890 759 3938 vigori
795 3890 821 3928 3
858 3893 897 3927 et
933 3901 992 3931 m.
1028 3890 1086 3931 al.
1122 3889 1194 3930 2α.
1233 3892 1272 3930 4.
1438 3893 1481 3938 ο)
1517 3891 1582 3928 ita
1623 3893 1670 3941 13
1713 3890 2042 3932 mansuetudini
2077 3904 2135 3934 m.
2172 3893 2233 3934 al.
2271 3893 2318 3929 in
2355 3892 2493 3930 litura
2530 3893 2586 3930 2a
2624 3902 2718 3930 cum
2760 3891 2853 3933 roll.

617 3943 665 3994 p)
692 3943 758 3981 ita
786 3945 824 3982 1.
852 3943 926 3992 2²³3
958 3939 1137 3982 deesset
1163 3943 1271 3994 (sset
1298 3954 1355 3984 m.
1384 3944 1443 3984 al.
1471 3945 1517 3981 in
1545 3955 1638 3983 ras.
1668 3944 1742 3994 2a)
1770 3945 1864 3985 rell.
1977 3944 2024 3994 q)
2051 3945 2316 3984 accenderet
2345 3947 2383 3986 1.
2493 3943 2535 3995 r)
2563 3945 2789 3993 mitigaret
2814 3945 2852 3985 4.
2887 3941 2940 3980 40

616 3997 657 4045 s)
682 3994 912 4035 adulando
942 3996 1007 4036 Ξῖ».
1026 4007 1063 4035 c.
1093 3997 1130 4037 3.
1241 3995 1275 4045 t)
1303 3997 1530 4044 apostolus
1544 3998 1600 4045 (9)
1630 3999 1670 4046 1,
1699 4009 1813 4040 corr.
1921 3997 1969 4048 u)
1997 3999 2137 4036 omnis
2165 3999 2382 4047 2a‚.oorr.
2487 4000 2535 4045 v)
2568 3998 2855 4037 lucrifaceret

616 4051 680 4089 20.
708 4051 766 4088 4α
792 4050 882 4099 (pr.
910 4052 991 4099 m.)
1016 4060 1111 4088 cum
1132 4049 1258 4098 Vuly.
1395 4051 1455 4096 w)
1483 4051 1548 4088 ita
1576 4052 1624 4098 13
1655 4051 1942 4100 magisteriali
1971 4057 2018 4092 et
2046 4051 2253 4090 familiari
2281 4051 2375 4093 rell.
2509 4053 2558 4099 x)
2586 4055 2653 4091 est
2681 4051 2785 4089 add.
2816 4053 2854 4093 1.

616 4101 664 4153 y)
692 4102 989 4154 elemoysinzz
1019 4103 1061 4152 3,
1091 4113 1205 4146 corr.
1313 4101 1354 4152 z)
1384 4113 1470 4150 que
1490 4114 1565 4152 pr.
1594 4115 1650 4145 m.
1678 4105 1724 4141 in
1752 4115 1842 4146 ras.
1868 4107 1912 4144 1.
2021 4107 2065 4153 a)
2093 4104 2311 4154 regulari:
2341 4105 2381 4148 3.

620 4225 672 4294 1)
714 4227 795 4292 Cf.
833 4227 902 4281 ib.
940 4242 981 4280 ο.
1020 4229 1089 4281 43
1126 4231 1203 4292 (p.
1242 4228 1341 4292 57)
1355 4243 1375 4278 .·
1417 4224 1727 4278 litterarum
1765 4227 2011 4294 apicibus
2050 4227 2269 4282 inserta.
2449 4227 2506 4296 2)
2561 4227 2645 4292 Cf.
2683 4242 2853 4294 supra

607 4313 669 4362 p.
724 4301 788 4362 3,
851 4315 905 4353 n.
961 4301 1014 4352 3.
1255 4296 1310 4366 3)
1384 4297 1614 4363 Siynum
1675 4300 1770 4363 (sc.
1830 4304 2112 4350 tonsuram
2171 4300 2591 4358 sacerdotalem).
2688 4297 2851 4363 Jaffe.
2885 4307 2938 4347 45

616 4369 673 4434 4)
731 4369 1039 4421 Canonibus
1090 4370 1433 4421 constitutum
1487 4374 1620 4434 erat,
1677 4383 1742 4420 ne
1797 4371 1920 4435 quis
1973 4375 2097 4422 ante
2149 4371 2395 4436 triyinta
2435 4385 2606 4422 annos
2663 4371 2854 4422 aetatis

608 4439 886 4506 presbyter
921 4446 1323 4493 consecraretur
1330 4457 1353 4503 ;
1389 4441 1457 4504 cf,
1493 4441 1676 4494 concil.
1713 4440 2026 4492 Neocaesar.
2063 4457 2103 4496 c.
2145 4444 2228 4496 11.
