3167 5192
1209 499 1669 558 PRAEFATIO.
2404 500 2558 557 XIII

314 682 682 748 coenobium
714 682 1038 763 pertineat
1082 685 1161 748 ab
1209 683 1380 747 omni
1427 690 1737 767 potestate
1782 682 2053 765 episcopi
2100 682 2455 749 dioecesani
2500 690 2559 748 et

311 770 790 855 metropolitani
835 794 878 835 a
923 794 1106 853 papa
1153 772 1444 837 Romano
1490 771 1825 837 liberatum
1846 774 1886 835 1.
1982 772 2111 837 Sed
2166 792 2362 853 quare
2419 772 2559 837 alia

315 881 482 942 quae
529 860 975 925 desiderantur
1019 860 1245 942 vixque
1291 860 1633 926 omittenda
1680 867 1865 926 erant
1908 860 2087 925 iussu
2132 860 2312 927 Lulli
2356 863 2559 926 deleta

315 956 539 1030 essent,
601 970 732 1013 non
791 956 1074 1030 apparet.
1182 949 1374 1015 Nihil
1441 952 1518 1015 de
1583 951 1726 1015 sede
1794 949 2156 1016 Coloniensi
2213 950 2558 1030 Bonifatio

243 1062 273 1101 5
315 1039 532 1103 oblata
548 1058 573 1119 ,·
633 1037 859 1103 civitas
905 1039 996 1102 M
991 1039 1300 1120 oyuntina
1345 1038 1405 1103 ei
1449 1038 1759 1103 attributa
1806 1039 2041 1120 paucis
2099 1039 2305 1103 verbis
2363 1039 2561 1104 obiter

315 1126 662 1209 attinyitur
731 1126 815 1207 (c.
888 1126 962 1208 8)
975 1177 994 1208 ,
1073 1126 1240 1192 nihil
1315 1130 1398 1194 de·
1457 1127 1822 1193 commercio
1890 1148 2029 1193 cum
2101 1126 2433 1193 Zacharia
2502 1134 2562 1193 et

319 1216 643 1297 Stephano
703 1216 852 1279 III.
913 1216 1329 1281 intercedente
1342 1238 1368 1297 ,·
1436 1216 1821 1281 consecratio
1888 1237 2125 1298 quoque
2182 1216 2559 1282 Burchardi

317 1312 382 1369 et
437 1304 798 1370 Willibaldi
847 1300 939 1382 (a.
993 1308 1150 1388 741)
1200 1306 1329 1371 loco
1372 1306 1586 1369 minus
1632 1324 1906 1387 conyruo
1943 1312 2086 1386 post
2130 1307 2401 1388 synodos
2443 1306 2559 1370 sub

331 1392 727 1458 Carlmanno
786 1393 1038 1459 habitas
1099 1390 1190 1471 (a.
1245 1400 1368 1457 742
1405 1414 1514 1475 sqq
1520 1397 1568 1477 .)
1632 1400 2166 1459 commemoratur.
2283 1394 2561 1459 Causam

220 1507 276 1546 ιο
315 1482 514 1547 huius
557 1504 580 1545 φ
579 1481 655 1547 ei
713 1481 786 1546 id
826 1483 1018 1547 multo
1061 1482 1270 1565 mayis
1315 1504 1443 1547 esse
1502 1482 1865 1563 existimem,
1926 1483 2095 1564 quod
2150 1489 2369 1547 auctor
2425 1482 2560 1564 ipse

321 1592 504 1652 opere
558 1570 1004 1653 proyrediente
1061 1571 1387 1652 defecerit,
1453 1592 1645 1653 quam
1703 1571 2008 1677 defectum
2064 1571 2395 1653 archetypi
2448 1578 2563 1635 aut

321 1680 658 1725 censuram
687 1659 886 1725 Lulli.
954 1659 1366 1725 Willibaldus
1410 1660 1482 1725 in
1526 1648 1921 1725 universum'
1940 1659 2111 1725 omni
2154 1661 2281 1739 fide
2326 1659 2562 1742 diynus

321 1754 429 1829 est,
499 1754 684 1829 atque
743 1748 919 1813 vitiis
963 1770 1122 1831 quae
1167 1748 1310 1813 dixi
1353 1770 1430 1814 ea
1475 1754 1721 1814 tantum
1766 1751 2083 1829 accedunt,
2144 1748 2311 1829 quod
2367 1747 2559 1831 Wyn-

319 1836 526 1916 fritho
571 1858 744 1902 anno
791 1840 1035 1903 demum
1084 1834 1306 1921 722l3.
1354 1836 1687 1916 Bonifatii
1730 1858 1960 1902 nomen
2005 1860 2047 1902 a
2086 1858 2272 1921 papa
2317 1836 2561 1902 Romae

222 1950 284 1989 ιε
322 1925 601 1991 inditum
661 1948 790 1991 esse
843 1926 1041 1991 voluit
1099 1923 1181 2005 (c.
1232 1929 1325 2011 6),
1397 1946 1536 1992 cum
1603 1925 1769 1991 idem
1828 1926 1963 1991 iam
2022 1948 2083 1990 a.
2134 1932 2283 1991 719.
2344 1932 2560 1991 saneto

323 2014 527 2094 fuisse
585 2022 830 2096 constet,
900 2016 1181 2097 quodque
1237 2015 1621 2098 martyrium
1678 2014 1955 2079 eiusdem
2012 2037 2071 2079 a.
2124 2020 2272 2079 754.
2318 2015 2563 2095 factum

323 2124 499 2169 anno
568 2104 846 2185 sequenti
915 2104 1208 2169 attribuit
1275 2101 1357 2183 (c.
1430 2106 1522 2188 8),
1601 2124 1723 2185 quo
1790 2124 2003 2168 errore
2078 2102 2267 2169 etiam
2333 2104 2563 2169 Lullus

325 2193 636 2259 laborat2.
748 2192 974 2257 Nihilo
1032 2192 1271 2275 minus,
1343 2199 1412 2257 ut
1471 2192 1711 2257 iudicio
1770 2193 1831 2258 J
1824 2192 1980 2271 affei
1998 2193 2023 2232 ⁸
2082 2200 2251 2274 utar,
2320 2190 2562 2258 ‘relatio

323 2281 402 2345 in
445 2301 660 2346 eorum
694 2288 1235 2348 monumentorum
1272 2302 1533 2347 numero
1579 2288 1686 2363 est,
1734 2302 2001 2363 quorum
2032 2288 2090 2346 et
2116 2281 2261 2363 ipsa
2289 2288 2563 2346 vetustas

225 2394 290 2433 20
327 2370 764 2435 aestimatione
809 2369 1192 2453 dignissima
1237 2377 1296 2435 et
1337 2372 1498 2451 fides
1533 2372 1607 2435 ob
1644 2368 2235 2451 praestantissimos
2278 2376 2565 2435 auctores

327 2458 573 2541 eyreyie
617 2460 894 2541 probata
943 2460 1251 2541 habetur’,
1314 2466 1498 2541 atque
1555 2458 1631 2524 id
1685 2458 1893 2541 ipsum
1953 2459 2321 2525 Willibaldo
2381 2457 2564 2523 laudi

329 2548 614 2613 dandum
657 2554 764 2629 est,
813 2550 981 2629 quod
1019 2569 1120 2613 res
1160 2554 1370 2631 qestas
1415 2568 1736 2614 enarrans
1770 2547 2089 2613 miracula
2128 2547 2383 2612 omnino
2426 2547 2565 2626 fere

327 2636 618 2719 neyleoeit.

546 2726 766 2790 Sermo
831 2724 968 2790 eius
1027 2725 1318 2808 turgidus
1385 2732 1443 2791 et
1508 2726 1613 2791 hic
1677 2725 1815 2791 illic
1868 2724 2208 2808 paululum
2266 2726 2566 2789 obscurus

231 2838 294 2877 25
330 2820 435 2894 est,
485 2814 600 2878 etsi
646 2814 997 2896 simplicior
1042 2836 1232 2896 quam
1279 2814 1482 2879 oratio
1526 2814 1870 2895 Aldhelmi,
1918 2834 2097 2895 quem
2144 2812 2566 2895 compluribus

331 2901 482 2967 locis
540 2902 829 2969 imitatus
885 2910 992 2967 est.
1103 2904 1422 2969 Vocabula
1481 2902 1887 2969 cohaerentia
1954 2902 2108 2967 aliis
2172 2900 2567 2983 interpositis

328 3012 516 3075 saepe
560 2992 1020 3074 seiunyuntur,·
1063 3012 1237 3057 voces
1281 2991 1362 3055 ab
1391 2991 1619 3057 iisdem
1650 2992 1877 3057 litteris
1906 2991 2280 3073 incipientes
2308 2990 2566 3074 passim

330 3100 460 3145 sese
505 3082 966 3162 subsequuntur
1011 3100 1204 3162 aeque
1248 3087 1431 3161 atque
1477 3082 1651 3163 apud
1678 3082 2083 3146 Aldhelmum
2127 3086 2185 3145 et
2228 3079 2567 3145 monialem

330 3169 978 3251 Heidenheimensem,
1031 3170 1115 3249 cf.
1163 3192 1214 3235 e.
1259 3190 1356 3252 qr.
1377 3192 1398 3234 .·

235 3283 294 3322 ao
442 3283 491 3323 c.
527 3265 586 3321 4.
650 3267 795 3322 suis
844 3282 1073 3325 secum
1120 3268 1406 3341 sumptis
1453 3266 1942 3335 conviatoribus,
1991 3266 2230 3334 solum,

444 3372 493 3412 c.
526 3354 588 3411 6.
652 3360 925 3413 sanctus
974 3372 1200 3413 sacrae
1247 3356 1749 3430 sollempnitatis
1796 3355 1951 3423 dies,

444 3460 492 3501 c.
527 3442 588 3501 8.
650 3446 978 3518 pastorale
1025 3445 1286 3521 populis
1333 3445 1660 3519 praevidit
1704 3444 2137 3519 magisterium
2154 3436 2199 3500 4.

333 3523 686 3591 Adiectivis
730 3526 806 3589 in
849 3527 1000 3591 -alis
1047 3525 1476 3591 desinentibus
1521 3528 1677 3591 adeo
1734 3524 1991 3606 studuit,
2052 3532 2123 3591 ut
2179 3545 2311 3589 non
2367 3524 2571 3589 solum

333 3612 631 3696 vulyaria
687 3614 1047 3695 protulerit,
1117 3615 1285 3679 velut
1349 3616 1673 3698 aequalis,
1738 3615 2177 3690 autumnalis
2250 3614 2565 3691 carnalis

239 3724 295 3765 ³5
337 3704 729 3787 corporalis,
781 3704 1207 3788 episcopalis
1258 3704 1617 3789 generalis
1668 3702 2064 3779 hibernalis,
2114 3701 2565 3781 medicinaliS,

335 3793 860 3870 monasterialiS,
933 3792 1262 3873 morta-lis,
1333 3792 1605 3871 natalis,
1668 3792 2025 3867 naturalis
2096 3792 2569 3867 occidentaliS,

336 3882 720 3966 pastoralia,
792 3882 1232 3967 perpetualis
1304 3880 1741 3966 pontificalis,
1812 3882 2231 3965 principalis,
2294 3880 2567 3965 regam,

337 3971 802 4048 sacerdotaliS,
883 3971 1216 4055 specialis,
1289 3971 1637 4055 spiritalis
1710 3970 2075 4055 synodalis,
2146 3968 2568 4055 temporaliS,

337 4059 622 4138 venalis,
671 4058 782 4124 sed
810 4059 1001 4124 etiam
1031 4059 1294 4125 rariora
1327 4059 1799 4144 disciplinalis,
1833 4058 2334 4143 magisteriali8‚
2368 4057 2571 4140 prim-

240 4283 298 4323 ιο
340 4270 393 4333 1)
450 4262 763 4332 Rudolfus'
792 4272 852 4320 in
918 4269 1044 4320 Vita
1105 4269 1306 4322 Leobae
1373 4286 1414 4323 c.
1479 4270 1546 4324 17
1618 4269 1739 4333 (δ’δ’.
1810 4268 1937 4333 XV,
2003 4270 2131 4333 129)
2194 4271 2571 4333 paupertatem

337 4340 720 4392 monachorum
773 4342 1022 4392 mandati
1067 4356 1285 4392 causam
1338 4348 1576 4392 statuens
1628 4344 1743 4391 sine
1794 4340 1953 4391 dubio
2006 4341 2305 4390 coniectura
2356 4339 2569 4392 nititur.

339 4412 398 4477 2)
451 4411 537 4474 Cf.
575 4427 710 4478 quae
736 4428 796 4478 p.
823 4415 910 4477 55,
949 4428 1004 4471 n
1031 4414 1082 4477 2,
1121 4412 1384 4466 adnotavi.
1544 4413 1599 4479 3)
1656 4410 1720 4464 L.
1762 4412 1795 4465 l.
1837 4428 1891 4477 p.
1930 4412 2051 4465 423.
2197 4410 2253 4476 4)
2308 4407 2575 4461 Vocabulo

340 4479 718 4550 magisterium
753 4486 967 4549 saepius
1006 4500 1152 4549 usus,
1190 4482 1528 4533 Willibaldus
1565 4481 1907 4533 Aldhelmum
1942 4486 2147 4533 secutus
2182 4488 2270 4535 est.
