3167 5192
454 478 691 534 VITAE
726 477 1130 535 BONIFATII
1163 478 1527 535 AUCTORE
1563 478 1870 535 OTLOHO
1906 478 2146 535 LIBER
2167 480 2216 536 I.
2349 484 2454 539 135

190 670 365 726 tur
421 670 510 725 in
558 668 1183 741 Germaniam,
1231 670 1750 744 veniensque
1796 671 1881 727 ad
1924 670 2243 745 prefatum
2289 672 2452 746 prin-

193 758 421 833 cipem
496 757 693 815 Karol
715 776 760 815 u
782 776 849 815 m
876 800 890 827 ,
984 759 1201 816 literas
1292 760 1372 816 ei
1446 759 1716 816 Romani
1806 759 2120 833 pontificis
2199 760 2449 831 detulit,

194 864 567 922 seseque
629 848 866 904 illius
914 847 1195 905 dominio
1258 851 1539 923 atque
1591 848 1944 921 patrocinio
1995 849 2450 919 subiciens,

195 952 363 993 cum
418 952 732 993 consensu
796 935 1040 993 eius²
1098 936 1189 993 in
1234 923 1625 993 Hessorumb
1681 939 1904 1005 metas,
1962 937 2300 1012 quibus
2367 941 2454 996 et

117 1028 495 1083 santea
558 1023 1575 1105 predicare-ceperat&
1646 1027 2097 1100 perrexit.
2207 1026 2453 1084 Illuc

197 1130 432 1189 ergo
492 1114 1060 1186 adveniens,
1117 1115 1483 1189 reperit
1540 1114 1864 1189 plures
1926 1133 2025 1172 ex
2082 1116 2259 1183 eis,
2317 1134 2452 1173 re·

194 1202 456 1261 licta
507 1203 1111 1260 christianae
1163 1203 1681 1278 religionis
1735 1204 2124 1273 cultura,
2172 1205 2452 1261 variis

199 1292 707 1350 erroribus
782 1292 1360 1366 implicatos·
1475 1293 1602 1349 Alii
1670 1309 2057 1369 namque
2133 1294 2320 1368 lignis
2389 1297 2455 1351 et

198 1380 499 1439 fontibus
548 1382 645 1438 cla
668 1398 734 1437 m
794 1400 839 1437 v
860 1382 943 1437 el
994 1384 1211 1455 aperte
1258 1380 1718 1451 sacrificabant,
1780 1382 1888 1438 alii
1933 1399 2083 1439 vero
2141 1383 2454 1457 aruspicia

94 1486 155 1524 10
200 1473 279 1527 et
326 1469 769 1539 divinationes,
817 1470 1118 1545 prestigia
1163 1488 1197 1527 e
1215 1472 1245 1527 t
1290 1470 1753 1527 incantationes
1786 1471 2180 1529 exercebant.
2260 1470 2313 1541 Q
2334 1490 2376 1529 u
2397 1472 2451 1527 i·

204 1560 411 1615 dam
486 1563 788 1616 autem
862 1559 1010 1616 alia
1083 1548 1537 1617 nefandad
1622 1560 2066 1634 quaedam
2159 1561 2452 1617 sacri·

200 1647 469 1722 legia
512 1648 949 1718 intendebant,
998 1649 1275 1722 pauci
1328 1664 1545 1705 vero
1600 1649 1691 1705 in
1745 1649 1894 1705 via
1947 1642 2451 1717 veritatis,

206 1754 475 1811 quam
533 1738 816 1793 semel
870 1739 1483 1812 acceperant,
1531 1738 2212 1812 perstiterunt.
2291 1736 2453 1807 Quo-

205 1843 361 1883 rum
406 1842 440 1882 e
465 1830 494 1883 t
514 1826 537 1882 i
560 1842 599 1882 a
620 1844 687 1883 m
732 1826 994 1883 consilio
1040 1826 1329 1883 arborem
1375 1826 1698 1901 quandam
1744 1826 1943 1884 mirae
1972 1826 2451 1902 magnitudiniS,

104 1929 164 1969 15
206 1931 379 1989 quae
424 1915 630 1989 prisco
675 1932 1067 1990 paganorum
1107 1914 1414 1972 vocabulo
1458 1916 1708 1989 appella
1729 1915 1770 1972 b
1795 1932 1834 1973 a
1855 1918 1962 1973 tur
2005 1932 2046 1972 a
2067 1934 2099 1972 r
2120 1916 2234 1973 bor
2264 1915 2452 1983 Iovis,

205 2004 282 2059 in
329 2004 467 2061 loco
513 2004 620 2078 qui
665 2003 895 2061 dicitur
942 2001 1278 2062 Gresmeree
1294 2048 1307 2073 ,
1358 2005 1557 2061 servis
1604 2004 1721 2061 Dei
1767 2021 1982 2062 secum
1998 1992 2025 2033 f
2073 2004 2452 2073 astantibus,

208 2093 541 2149 succidere
615 2093 974 2167 temptavit.
1091 2092 1214 2149 Ad
1290 2092 1710 2150 eiusdem
1785 2096 2091 2150 autem
2167 2093 2454 2150 arboris

206 2182 767 2239 incisionem
856 2198 1091 2256 magna
1166 2197 1555 2256 paganorum
1634 2182 2156 2240 multitudo
2247 2199 2454 2239 con-

210 2269 594 2339 curritg,
642 2272 1146 2344 cupientes
1193 2270 1282 2326 in
1328 2274 1757 2328 sanctum
1801 2272 2143 2339 virum,
2188 2272 2456 2328 velut

108 2359 545 2417 2oinimicum
612 2359 887 2416 Deorum
963 2376 1243 2427 suorum,
1322 2360 1576 2417 inter
1651 2360 1857 2433 ipsa
1929 2360 2454 2417 incisionis

212 2464 499 2522 opera
553 2447 922 2505 irruere
984 2451 1072 2505 et
1129 2447 1730 2505 interficere.
1825 2448 1949 2506 Sed
2005 2449 2202 2505 dum
2249 2447 2455 2505 arbor

212 2538 531 2594 eadem
620 2537 1108 2611 paululum
1198 2538 1822 2607 incideretur,
1931 2554 2164 2604 mox,
2273 2538 2454 2611 quasi

214 2626 438 2682 divino
483 2630 659 2683 nutu
704 2613 1013 2700 agitatah,
1063 2612 1165 2683 111ἰ
1210 2629 1480 2700 quatuor
1525 2628 1737 2700 partes
1786 2625 2073 2699 disrupta
2119 2628 2234 2682 est.
2315 2624 2454 2695 Quo

210 2716 375 2783 viSO,
444 2716 693 2789 pagani,
764 2716 917 2789 qui
986 2715 1223 2772 illuc
1296 2702 1793 2789 perversak
1867 2718 2169 2771 mente
2245 2730 2454 2771 con·

114 2822 171 2861 25
211 2791 752 2875 venerunt¹,
810 2804 1311 2861 abicientes
1374 2820 1720 2861 omnem
1780 2803 2209 2860 maliciam
2269 2803 2453 2859 bene-

214 2893 801 2967 dicentesque
884 2893 1098 2961 Deo,
1191 2893 1771 2950 crediderunt.
1891 2892 2073 2949 Tunc
2149 2895 2453 2949 sanctus

212 2981 575 3055 presul,
662 2981 925 3039 consilio
1000 2982 1161 3038 inito
1238 2999 1383 3039 cum
1459 2982 1798 3049 fratribus,
1892 2998 1969 3037 ex
2057 2982 2234 3038 illa
2323 2982 2454 3037 in-

213 3089 259 3145 g
282 3087 316 3127 e
340 3088 383 3126 n
406 3073 435 3127 t
458 3071 481 3127 i
504 3088 535 3127 s
602 3070 843 3127 arboris
909 3088 976 3126 m
1002 3071 1084 3126 ol
1109 3087 1144 3127 e
1204 3070 1543 3127 oratorium
1605 3071 1960 3128 construxit
2020 3071 2064 3126 h
2089 3087 2126 3127 o
2149 3088 2184 3127 c
2209 3087 2329 3145 que
2389 3070 2456 3126 in

212 3160 453 3216 honore
499 3160 701 3217 sancti
746 3159 917 3216 Petri
961 3159 1234 3233 apostoli
1280 3160 1619 3218 dedicavit.

116 3284 177 3322 30
430 3259 580 3336 (23).
695 3265 855 3322 His
932 3266 1006 3323 it
1029 3283 1067 3322 a
1133 3266 1405 3339 peractis
1425 3309 1438 3335 ,
1508 3266 1593 3322 ad
1660 3266 2027 3341 Turingiam
2098 3283 2137 3340 q
2163 3283 2204 3322 u
2229 3283 2264 3323 o
2290 3283 2329 3340 q
2353 3283 2396 3322 u
2420 3282 2454 3321 e

212 3353 537 3429 profectus
614 3358 713 3411 est
787 3355 854 3410 il
878 3355 1014 3412 liu
1040 3373 1069 3411 s
1096 3372 1215 3429 que
1290 3355 1507 3430 populi
1573 3355 1887 3429 principes
1957 3373 2023 3411 m
2047 3372 2085 3410 a
2111 3372 2154 3429 g
2172 3372 2216 3409 n
2242 3372 2281 3411 a
2357 3372 2390 3411 e
2415 3372 2455 3409 x

211 3446 487 3517 parte
557 3460 596 3499 a
662 3444 1026 3500 christiana
1101 3444 1421 3518 religione
1491 3443 2086 3500 deficientes
2163 3443 2452 3500 corri-

213 3548 429 3607 gere
528 3532 929 3590 studuit.
1081 3533 1583 3607 Postquam
1687 3533 1926 3589 enim
2018 3532 2454 3607 religiosorum

214 3621 452 3677 ducum
559 3621 845 3678 dominat
868 3622 889 3677 i
914 3638 951 3679 o
1063 3623 1130 3677 in
1234 3622 1323 3678 eis
1430 3621 1704 3679 cessavit
1721 3666 1734 3691 ,
1851 3638 2032 3678 cessa
2056 3639 2085 3676 r
2109 3636 2144 3677 e
2257 3621 2453 3678 etiam

118 3726 178 3766 35
214 3710 520 3776 christian
545 3728 583 3766 a
606 3727 641 3767 e
711 3710 1029 3785 religionis
1096 3709 1414 3767 intentiom
1482 3727 1516 3767 c
1540 3727 1575 3787 e
1598 3729 1640 3784 p
1665 3710 1686 3765 i
1709 3714 1738 3767 t
1765 3752 1778 3778 ,
1855 3709 2003 3766 falsi
2028 3728 2067 3785 q
2086 3728 2131 3766 u
2153 3726 2188 3766 e
2257 3726 2298 3783 q
2321 3727 2365 3766 u
2388 3709 2411 3765 i
2434 3736 2454 3745 ·

214 3798 451 3855 damn
506 3799 1070 3867 christiani,
1134 3816 1489 3873 quorum
1544 3799 1914 3855 nomina
1969 3802 2175 3856 sunt
2226 3798 2454 3856 Dorht·

212 3886 380 3943 win⁰
465 3891 530 3945 et
607 3888 889 3946 Bertheri
911 3931 924 3957 ,
1018 3888 1339 3945 Eanberht
1428 3891 1493 3945 et
1567 3888 1832 3945 Hunred
1854 3931 1867 3956 ,
1961 3888 1984 3945 i
2007 3905 2052 3944 11
2074 3890 2103 3944 t
2126 3903 2161 3944 e
2185 3905 2215 3943 r
2305 3904 2339 3943 e
2361 3903 2396 3943 o
2423 3904 2453 3943 s

212 3977 259 4033 h
283 3993 320 4033 o
346 3994 375 4032 s
400 3994 442 4050 p
464 3977 488 4031 i
511 3981 540 4034 t
562 3994 600 4033 a
625 3995 668 4033 n
690 3981 721 4034 t
744 3994 778 4033 e
803 3995 833 4033 s
864 4020 878 4045 ,
944 3978 1289 4034 maximam
1347 3977 1662 4034 hereticae
1716 3977 2049 4051 pravitatis
2095 3976 2452 4034 introduxe-

426 4179 531 4219 VII.
588 4180 725 4227 capp.
752 4178 819 4222 22.
847 4179 917 4223 23.
976 4181 1016 4218 1.
1046 4179 1118 4221 20.
1133 4179 1172 4218 b.
1189 4189 1225 4217 c.

117 4268 173 4307 40
209 4266 259 4317 a)
288 4278 374 4306 om.
404 4267 466 4306 20.
594 4269 641 4316 b)
668 4268 921 4307 Hessonum
950 4269 1017 4307 2b.
1146 4270 1186 4315 c)
1215 4265 1547 4317 predicaverat,
1578 4278 1698 4317 perr.
1727 4269 1766 4306 1.
1895 4264 1942 4315 d)
1970 4264 2230 4318 qu(a)edam
2257 4263 2453 4306 nefanda

211 4320 348 4369 (corr.
378 4331 399 4359 e
427 4320 517 4363 nas.
545 4320 615 4371 2a)
646 4321 823 4363 2a.b.c.
956 4323 997 4370 e)
1037 4321 1269 4361 Geismere
1306 4321 1377 4360 20.
1514 4323 1549 4368 f)
1586 4331 1711 4359 versu
1738 4331 1806 4362 ex.
1834 4330 1918 4359 om.
1951 4321 2014 4361 20.
2152 4319 2198 4370 g)
2236 4320 2380 4359 currit
2410 4322 2451 4358 1.

210 4374 259 4422 h)
287 4374 445 4421 agnita
472 4375 537 4413 2ο.
666 4375 699 4422 i)
724 4384 939 4423 super-scr.
974 4374 1043 4417 2a.
1178 4374 1227 4422 k)
1255 4375 1319 4413 ita
1348 4376 1396 4424 13
1422 4380 1574 4414 mente
1603 4384 1729 4423 perv.
1759 4374 1856 4411 roll.
1988 4374 2019 4422 1)
2049 4378 2357 4412 convenerant
2384 4373 2451 4413 212.

210 4428 273 4476 m)
302 4428 423 4477 cepit
450 4426 530 4469 int.
564 4429 602 4477 1,
634 4436 747 4469 corr.
884 4426 931 4478 n)
969 4428 1063 4469 chr.
1091 4438 1167 4476 qu.
1194 4427 1274 4475 215,-
1305 4438 1381 4475 qu.
1412 4428 1657 4467 christiane
1685 4428 1752 4476 2a,
1783 4437 1895 4467 corr.
2037 4426 2080 4477 o)
2119 4426 2375 4465 Dorhtwim
2404 4428 2452 4476 13

210 4480 420 4521 Dortwin
449 4481 514 4523 2b.

2483 654 2716 695 willibald.

2545 720 2580 747 c.
2603 710 2642 748 ss.
