3167 5192
597 469 786 525 VITA
822 468 1225 525 BONIFATII
1262 467 1623 525 AUCTORE
1658 468 2169 525 WILLIBALDO.
2420 474 2489 529 55

247 653 518 717 redditi
586 656 791 717 suni:a
857 654 1190 731 sanibabe3
1254 645 1415 716 aliib
1469 672 1660 730 vero,
1723 652 2097 717 luminibus
2157 654 2491 719 caecitate

247 742 550 825 pressis⁰
567 794 582 819 ,
664 763 864 805 suum
922 741 1270 826 recipiunt
1328 742 1580 819 visum;
1658 741 1780 804 alii
1840 741 2117 825 quidem
2177 738 2485 808 diabuli‘l

246 831 524 913 laqueis
572 832 907 906 adstricti,
955 830 1165 895 etiam
1215 834 1443 894 mente
1485 833 1649 893 sunt
1695 831 1883 914 capti
1921 834 1993 895 et
2022 831 2482 895 insanientes⁰

247 920 476 983 animi
535 920 972 1004 postmodum
1032 918 1364 984 detenent
1379 912 1405 953 f
1456 919 1933 1003 integritatem
1946 970 1961 997 ‚
2022 923 2093 984 et
2149 920 2488 1003 pristinas

177 1031 206 1069 5
249 1008 480 1073 dediti
531 1001 822 1084 munh,
885 1008 1248 1072 laudantes
1309 1001 1735 1091 glorificant¹
1798 1008 2053 1072 Deum:
2117 1009 2235 1093 qui
2291 1029 2485 1073 suum

250 1098 590 1181 dignatus
639 1101 744 1161 est
790 1116 1061 1162 servum
1104 1100 1304 1163 tanto
1353 1116 1635 1161 munere
1683 1098 2081 1161 decoratum
2139 1097 2361 1162 ditare
2419 1101 2492 1163 et

247 1188 599 1251 honora-re
647 1188 738 1261 et,
786 1186 1263 1269 praesentibus
1310 1206 1388 1250 ac
1450 1179 1831 1251 secuturisk
1882 1185 2267 1250 seculorum
2325 1188 2492 1250 tem·

251 1275 544 1358 poribus
591 1276 923 1340 chorusca
968 1274 1456 1339 miraculorum
1502 1274 1970 1357 patefactione
2008 1278 2301 1351 ostensa,
2335 1296 2493 1357 qua-

254 1364 648 1447 dragesimo
725 1363 1298 1447 peregrinationis
1377 1363 1522 1427 eius
1602 1384 1785 1427 anno
1805 1362 1829 1400 ¹
1902 1363 2217 1428 revoluto
2293 1362 2492 1448 glori-

154 1476 211 1513 10
254 1446 546 1529 ficare¹;
583 1452 700 1536 qui
733 1456 803 1517 et
847 1452 1394 1516 incarnationism
1425 1452 1707 1516 Domini
1740 1450 2177 1517 DOOLV.1¹·²
2222 1456 2483 1516 annus‘?

176 1575 183 1580 ·
256 1547 462 1606 cuml'
517 1541 898 1605 indictione
958 1545 1202 1604 octava
1248 1544 1738 1623 conputaturq.
1832 1540 2028 1605 Sedit
2090 1543 2365 1605 autemr
2419 1541 2494 1604 in

256 1631 704 1714 episcopatu⁸
762 1650 980 1694 annos
1025 1628 1334 1693 XXXVI
1355 1629 1396 1707 ³,
1446 1650 1713 1695 menses
1746 1628 1846 1693 VI
1894 1634 1965 1694 et
2012 1629 2157 1693 dies
2188 1629 2311 1693 VI.
2402 1629 2495 1693 Et

256 1720 361 1784 sic
423 1719 662 1784 ordine
723 1719 1189 1802 suprascripto
1248 1718 1361 1783 die
1414 1718 1771 1783 Nonarum
1832 1714 2119 1794 [unffi-⁴,
2183 1718 2494 1802 martyrii
2513 1741 2615 1781 rus..
2634 1741 2677 1781 ⁵.

478 1874 516 1917 1.
559 1874 665 1921 Gap.
686 1875 727 1913 8.
785 1875 824 1912 1.
855 1874 923 1912 2a.
945 1874 985 1913 b.
1006 1884 1042 1912 e.
1072 1874 1113 1913 3.
1141 1872 1184 1913 4.

161 1945 216 1985 15
259 1944 310 1995 a.)
341 1945 431 1984 sint
455 1944 498 1984 3.
607 1946 656 1993 b)
682 1944 884 1985 Aliuzero
911 1946 953 1993 1,
981 1955 1098 1983 corr.
1217 1945 1256 1991 e)
1284 1944 1428 1993 pressi
1455 1944 1518 1983 2c.
1546 1944 1590 1983 4.
1699 1941 1747 1991 d)
1783 1944 1847 1981 ita
1862 1943 1911 1995 43
1949 1941 2118 1983 diaboli
2144 1944 2242 1983 rell.
2351 1944 2395 1993 e)
2430 1944 2497 1983 in·

259 1999 489 2038 saniantes
519 1999 573 2036 ea
599 1999 692 2047 (pr.
720 2002 818 2047 m.).
839 1998 881 2037 b.
963 1999 998 2046 1)
1025 1998 1088 2035 ita
1117 2000 1166 2048 1;
1197 1995 1403 2037 detinent
1429 1999 1526 2036 rell.
1610 1996 1656 2045 g)
1685 1998 1901 2046 pristinae
1928 1997 1990 2036 sc.
2019 1996 2046 2036 3
2070 1997 2179 2043 (non
2203 1997 2267 2047 4).
2351 1996 2401 2048 h)
2426 2008 2497 2037 sa-

258 2052 349 2090 luti
377 2053 439 2090 20.
467 2051 510 2091 3.
538 2051 581 2091 4.
704 2050 738 2101 i)
774 2050 1057 2100 glorificantt,
1087 2061 1179 2090 ras.
1211 2052 1307 2100 e(⁸?)
1340 2051 1379 2090 1.
1501 2050 1548 2100 k)
1592 2052 1756 2090 suturis
1784 2050 1809 2089 3
1838 2054 1875 2088 et
1903 2061 1962 2089 m.
1992 2051 2053 2089 al.
2081 2050 2151 2089 sa.
2261 2050 2294 2101 1)
2330 2049 2495 2100 glor-ffi-

259 2111 364 2145 cate
394 2107 434 2153 1,
462 2115 579 2143 corr.
702 2106 762 2151 m)
791 2108 962 2143 carnut.
983 2116 1062 2153 pr.
1093 2116 1150 2142 m.
1179 2102 1224 2143 3.
1335 2105 1382 2151 n)
1411 2104 1470 2141 ita
1496 2104 1553 2143 4a
1579 2115 1675 2141 eum
1702 2104 1800 2143 rell.
1829 2104 1909 2151 (οἵ.
1940 2115 1983 2143 n.
2006 2106 2082 2152 p),·
2110 2102 2324 2143 Dccm.
2352 2103 2397 2152 4,
2422 2104 2498 2142 ubi

262 2169 392 2197 versu
420 2162 596 2196 exeunte
633 2162 752 2206 (post
793 2161 914 2202 cum)
954 2156 1374 2206 septingentesimus
1421 2156 1799 2205 quingentesimus
1846 2154 2065 2195 secundus
2102 2167 2159 2195 m.
2190 2157 2250 2195 al.
2280 2156 2327 2195 in
2354 2168 2495 2205 mara.

163 2212 220 2250 20
260 2212 417 2250 addita
461 2215 592 2259 sunm
643 2210 861 2251 DCCLII.
911 2209 981 2250 4¹¹.
1026 2211 1080 2250 4b
1095 2224 1113 2259 ,·
1162 2210 1578 2260 septingentesimus
1626 2210 2023 2259 quinquagesimus
2068 2208 2291 2249 secundus
2335 2210 2399 2250 4ο.
2432 2210 2495 2249 c'.

261 2268 308 2313 ο)
328 2275 470 2305 annos
489 2265 558 2304 sb.
657 2264 706 2315 p)
737 2265 930 2304 Lxxmu·
959 2264 1071 2303 Lm·
1099 2261 1318 2303 secundus
1345 2263 1448 2303 aad.
1475 2263 1546 2303 4α.
1649 2266 1696 2312 q)
1723 2262 1955 2313 conputst‘
1986 2265 2025 2302 1.
2127 2266 2168 2311 r)
2194 2274 2281 2303 om.
2308 2264 2377 2303 2a.
2398 2264 2439 2303 b.
2458 2275 2497 2303 c.

261 2318 301 2370 s)
331 2318 428 2367 epis
455 2318 560 2366 (sic)
586 2328 710 2357 versu
737 2328 806 2356 ex.
838 2319 878 2357 1.
988 2317 1024 2369 t)
1052 2318 1284 2357 IunIsrnm
1311 2318 1379 2355 2a.
1401 2317 1441 2355 b.
1462 2328 1498 2355 c.

265 2444 321 2507 1)
360 2442 494 2495 Inde
528 2443 596 2493 ab
632 2456 684 2497 a.
721 2443 826 2497 716
845 2458 870 2505 ,·
907 2443 976 2507 cf.
1013 2457 1184 2507 supra
1225 2458 1286 2507 Ρ.
1327 2442 1412 2506 16,
1463 2458 1515 2495 n.
1556 2444 1605 2499 5.
1806 2442 1865 2508 2)
1917 2441 1997 2491 De
2034 2456 2179 2492 anno
2212 2441 2500 2493 emortuali

263 2514 542 2577 Bonifatii
563 2518 712 2565 testes
735 2514 880 2566 inter
900 2529 954 2565 se
983 2513 1316 2567 dissentiunt.
1385 2512 1730 2563 Willibaldus
1768 2526 1970 2562 annum
1997 2512 2117 2566 755.
2153 2527 2179 2577 e
2214 2512 2499 2563 traditione

167 2597 222 2636 25
261 2584 589 2651 Moquntina
621 2584 778 2637 Lullo
815 2590 1025 2636 auctore
1059 2586 1314 2650 accepisse
1348 2584 1574 2649 videtur,
1614 2598 1733 2634 cum
1769 2584 1879 2649 ipse
1905 2581 2097 2634 Lullus
2132 2597 2249 2632 cum
2287 2597 2343 2633 eo
2378 2596 2497 2633 oon-

262 2658 459 2722 veniat‚
479 2656 634 2720 fidem
658 2672 814 2707 suam
830 2655 1116 2722 professus
1132 2654 1420 2720 (Bohmer-
1431 2654 1574 2719 Will,
1603 2654 1824 2719 Reyesta
1849 2652 2156 2719 archiepisc.
2178 2653 2424 2718 Mayunt.
2446 2652 2493 2718 Ι,

259 2744 317 2794 Ρ.
344 2729 413 2781 41
451 2742 506 2781 n.
531 2728 628 2787 49)
663 2742 806 2779 anno
844 2724 1100 2779 duodeno
1134 2725 1293 2794 regni
1328 2724 1538 2778 domini
1573 2724 1747 2776 nostri
1774 2722 1919 2775 Oarli
1954 2722 2097 2793 regis
2122 2722 2499 2789 gloriosissimi

265 2800 423 2863 (779,
465 2796 570 2851 Oct.
608 2800 701 2853 9-
715 2800 836 2864 780,
879 2795 984 2851 oct.
1021 2799 1104 2864 8),
1140 2795 1492 2865 pontificatus
1527 2795 1639 2847 mei
1675 2810 1817 2847 anno
1842 2792 2025 2849 XXV.
2099 2794 2341 2847 E'contra
2376 2810 2499 2847 eon·

264 2870 513 2921 tinuator
546 2868 723 2921 Bedae
758 2876 829 2934 (v.
867 2868 1027 2931 infra
1061 2886 1120 2935 Ρ.
1161 2870 1246 2935 60,
1283 2884 1339 2921 n.
1377 2869 1441 2934 2)
1477 2872 1524 2917 et
1561 2871 1805 2919 auctores
1839 2866 2132 2917 Fuldenses
2167 2866 2333 2932 (Ann.
2366 2866 2498 2917 Ful-

174 2952 230 2991 30
267 2940 451 2993 denses
485 2940 849 3006 antiquissimi
893 2956 945 2993 a.
985 2941 1105 2993 754.
1144 2938 1219 2992 ed.
1259 2939 1462 3002 Kurze,
1513 2938 1659 2991 Ann.
1698 2937 1855 2991 Fuld.
1899 2954 1958 3004 Ρ.
2000 2939 2102 2991 137
2119 2952 2143 2999 ,·
2192 2936 2252 2990 V.
2290 2936 2502 2988 Sturmi

268 3027 310 3065 c.
351 3015 437 3066 15.
475 3014 562 3074 23,
602 3012 698 3065 SS.
735 3011 816 3078 ΙΙ,
843 3013 966 3065 372.
993 3011 1131 3073 376,·
1169 3010 1313 3062 Nota
1348 3011 1411 3061 de
1445 3009 1770 3061 dedicatione
1806 3009 1917 3063 eccl.
1944 3008 2103 3063 Fam.
2141 3024 2193 3062 a.
2218 3009 2341 3074 819,
2366 3006 2498 3063 MG.

267 3082 460 3135 Poetae
509 3082 591 3148 ΙΙ,
643 3084 773 3142 205)
822 3086 869 3133 et
919 3081 1141 3133 annales
1189 3082 1482 3147 complures
1521 3082 1833 3147 passionem
1880 3079 2033 3131 illius
2079 3096 2132 3137 a.
2170 3081 2291 3134 754.
2341 3081 2501 3130 attri-

268 3154 456 3219 buunt,
506 3168 722 3219 cumque
756 3154 866 3205 viri
899 3152 1041 3203 docti
1077 3153 1141 3203 de
1189 3154 1490 3219 quaestione
1539 3152 1645 3203 alii
1689 3151 1851 3203 aliter
1898 3151 2219 3202 iudicassent
2270 3150 2365 3215 (cf.
2417 3152 2503 3201 in-

263 3226 466 3293 primis
503 3224 764 3290 Rettbery,
807 3221 968 3278 ‘KGJ
1006 3222 1056 3288 1,
1093 3225 1197 3277 397
1222 3239 1333 3289 sqq.
1351 3240 1374 3284 ,·
1412 3221 1642 3287 Oelsmr,
1682 3222 1886 3288 ‘Koniq
1909 3221 2127 3289 Pippin'
2143 3236 2203 3287 Ρ.
2228 3222 2333 3275 489
2357 3236 2467 3286 sqq,
2481 3238 2503 3280 ,-

177 3306 232 3347 35
269 3296 468 3347 Hauck
504 3295 589 3359 12,
625 3297 750 3361 573,
789 3311 843 3349 n.
871 3297 948 3360 5),
987 3296 1296 3361 nuperrime
1331 3293 1650 3345 chartarum
1682 3292 2033 3345 Fuldensium
2066 3294 2277 3343 ratione
2312 3290 2505 3343 habita

269 3367 349 3421 M.
399 3367 595 3433 Tanql,
651 3367 784 3417 ‘Das
828 3365 1126 3428 Todesjahr
1169 3365 1259 3417 des
1300 3364 1631 3429 Bonifatius'
1669 3364 1729 3428 (Ζ.
1768 3364 1802 3415 l.
1847 3380 1907 3430 Ρ.
1944 3363 2297 3427 223-250),
2335 3364 2501 3427 evicit,

269 3437 609 3502 Bonifatium
661 3454 711 3491 a.
750 3439 870 3491 754.
922 3451 1084 3502 neque
1121 3438 1240 3491 755.
1282 3451 1510 3504 passum
1559 3450 1682 3502 esse,
1732 3436 1812 3485 ita
1861 3438 1922 3485 ut
1967 3433 2334 3484 Willibaldum
2384 3447 2503 3483 cum

269 3508 432 3561 Lullo
467 3510 620 3561 modo
653 3509 790 3559 satis
825 3508 1076 3559 mirando
1111 3523 1322 3559 errasse
1355 3511 1564 3571 constet,
1604 3507 1813 3571 eiusque
1850 3506 2092 3572 opinioni
2123 3506 2282 3555 etiam
2310 3502 2505 3554 Hauclc
2597 3519 2607 3527 ·

270 3578 358 3645 1³,
397 3582 519 3645 590,
571 3596 626 3633 n.
666 3582 716 3643 7,
767 3580 992 3632 accessit.
1137 3577 1192 3646 3)
1244 3578 1413 3630 Immo
1448 3592 1621 3629 annos
1656 3575 1864 3627 XXXI
1892 3581 1987 3627 aut
2022 3575 2205 3641 XXX,
2243 3574 2503 3640 siquidem

178 3663 234 3701 40
270 3651 585 3715 Bonifatius
619 3668 670 3705 a.
699 3653 820 3704 722.
857 3656 954 3700 aut
990 3652 1094 3704 723
1131 3650 1285 3714 (Nov.
1315 3651 1412 3715 30)
1459 3652 1793 3701 consecratus
1842 3652 1889 3697 et
1937 3662 1989 3701 a.
2016 3648 2120 3701 754
2169 3651 2291 3711 (aut
2328 3644 2502 3695 Willi-

272 3722 422 3773 baldi
477 3724 723 3787 opinione
777 3737 828 3776 a.
877 3722 1008 3785 755)
1063 3721 1368 3785 interfectus
1422 3726 1511 3773 est.
1601 3718 1800 3769 Falsus
1848 3732 2103 3769 numerus
2152 3717 2503 3782 neyleyentiae

273 3793 496 3844 librarii
527 3794 808 3844 cuiusdam
847 3792 1222 3843 attribuendus
1257 3791 1464 3842 videtur
1499 3806 1621 3856 esse,
1673 3804 1893 3841 numero
1923 3788 2011 3839 VI
2039 3788 2119 3840 bis
2152 3787 2506 3855 subsequente,

271 3865 386 3915 nisi
432 3866 568 3928 forte
615 3863 960 3915 Willibaldus
1009 3864 1169 3915 verba
1205 3863 1480 3926 Bonifatii
1525 3862 1671 3925 falso
1708 3863 2089 3926 interpretatus
2120 3864 2195 3911 est
2229 3859 2503 3911 scribentis

271 3936 337 3985 de
371 3950 474 3985 sua
508 3933 783 4002 legatione
807 3932 1073 4000 Romana,
1113 3949 1219 4000 qua
1254 3949 1354 4000 per
1388 3932 1617 3999 triginta
1642 3934 1697 3983 et
1723 3946 1820 3983 sex
1844 3946 2013 3983 annos
2037 3928 2306 3998 fungebar
2332 3928 2503 3997 (epist.

179 4016 234 4055 45
273 4007 398 4069 108,
441 4023 502 4073 Ρ.
539 4007 645 4060 394
660 4022 684 4068 ,·
735 4005 804 4068 cf.
854 4004 1048 4071 Tanyl,
1090 4002 1432 4068 ‘Todesjahr’
1459 4020 1520 4071 Ρ.
1558 4006 1665 4057 226
1689 4005 1842 4069 sqq),
1890 4002 1949 4053 id
1996 4002 2133 4067 quod
2181 4002 2505 4053 coniecerunt

270 4077 344 4131 R.
403 4092 448 4130 v.
510 4076 734 4129 Scherer
793 4076 941 4143 apud
1001 4076 1070 4130 F.
1129 4076 1176 4131 Ι.
1237 4092 1284 4129 v.
1346 4075 1490 4126 Buss
1503 4113 1520 4139 ,
1582 4078 1599 4104 ‘
1613 4073 1861 4137 Winfrid
1877 4101 1902 4113 -
1920 4071 2280 4138 Bonifacius’,
2345 4073 2503 4135 1880,

265 4166 325 4215 Ρ.
363 4150 487 4213 383,
535 4164 588 4201 n.
631 4150 680 4212 1,
729 4154 776 4199 et
816 4147 873 4202 Ο.
910 4146 1150 4214 Fischer,
1190 4144 1558 4211 ‘Bonisana-³³,
1608 4146 1763 4210 1881,
1812 4162 1869 4211 Ρ.
1906 4145 2029 4199 295.
2188 4142 2244 4211 4)
2294 4142 2375 4193 De
2421 4142 2505 4193 die

272 4235 450 4271 omnes
483 4221 810 4285 conveniunt,
843 4220 1072 4285 exceptis
1108 4218 1274 4270 codice
1312 4216 1799 4282 Weissenburyensi
1830 4214 2207 4280 martyrologii
2238 4212 2506 4277 Hierony-

272 4292 448 4341 miani
496 4306 548 4341 a.
587 4292 706 4345 772.
743 4291 961 4357 scripte,
998 4291 1058 4340 in
1094 4305 1196 4356 quo
1233 4288 1306 4339 ad
1353 4287 1481 4339 VII.
1518 4288 1651 4339 Idus
1686 4287 1882 4338 Iunias
1916 4285 2161 4353 apposita
2196 4289 2323 4335 sunt
2361 4282 2501 4352 (ΔΑ.

183 4371 237 4412 50
273 4360 370 4415 SS.
407 4360 540 4415 Nov.
577 4361 656 4426 ΙΙ,
697 4364 746 4425 1,
791 4377 848 4427 Ρ.
888 4361 1051 4427 [76])
1071 4378 1090 4411 .·
1147 4362 1202 4412 et
1235 4358 1413 4427 passio
1450 4356 1723 4410 Bonifacii
1758 4354 2015 4425 episcopi,
2054 4354 2149 4422 qui
2188 4370 2375 4421 passus
2424 4356 2505 4406 est

271 4432 332 4484 in
367 4430 727 4497 Westrachia‚
779 4438 824 4482 et
862 4430 1168 4483 Annalibus
1203 4429 1558 4483 Fuldensibus
1594 4428 1695 4494 (ed.
1735 4430 1922 4479 Kurze
1962 4444 2023 4493 Ρ.
2061 4428 2139 4492 6),
2179 4428 2275 4493 qui
2308 4426 2507 4477 obitum

275 4505 390 4555 eius
425 4502 533 4555 diei
571 4506 766 4569 quarto
802 4501 1002 4555 mensis
1039 4499 1187 4554 Iunii
1221 4501 1542 4554 attribuunt.
