3167 5192
162 1523 223 1562 10

166 1967 223 2006 15

169 2411 225 2450 20

166 2855 221 2894 25

162 3816 215 3856 35

156 4262 213 4300 40

480 514 723 570 VITAE
760 515 1165 570 BONIE'ATII
1202 515 1560 572 AUCTORE
1600 515 1906 572 OTLOHO
1943 516 2182 572 LIBER
2205 515 2284 575 ΙΙ.
2393 521 2498 576 203

259 705 591 762 Habemus
652 706 821 762 enim
886 707 951 762 in
1022 707 1360 764 solitudine
1428 712 1587 781 q'uae
1656 705 2017 764 Bochonia⁸
2072 713 2495 783 nuncupatur,

259 795 442 851 iuxta
486 794 753 852 fluvium
800 795 907 870 qui
954 795 1183 852 dicitur
1226 796 1430 852 Fulda
1474 795 1684 855 locum
1723 814 1753 853 s
1769 813 1808 853 a
1821 797 1884 852 ti
1901 814 1930 852 s
1977 799 2199 872 aptum
2245 797 2274 853 f
2286 815 2324 854 a
2338 816 2404 854 m
2420 817 2462 854 ιι
2479 829 2498 838 -

260 884 283 940 l
299 901 340 940 a
352 901 397 939 ιι
412 884 475 941 ti
491 883 529 940 b
546 901 589 940 u
605 901 635 940 s
665 885 760 941 De
777 900 814 941 o
861 887 1198 959 repertum,
1246 885 1355 959 qui
1400 885 1484 941 ad
1528 889 1808 942 vestram
1852 885 2128 960 pertinet
2165 887 2495 944 dicionem.

260 971 510 1044 Quem
573 960 941 1030 scilicetb
997 974 1137 1030 locu
1155 991 1219 1030 m
1272 973 1454 1030 nobis
1501 991 1539 1030 a
1584 973 1833 1048 pietate
1878 978 2102 1032 vestra
2161 976 2496 1032 concedi

261 1080 305 1136 p
322 1079 357 1118 e
369 1064 400 1118 t
412 1063 599 1130 imus,
648 1065 961 1136 quatenus
1007 1063 1075 1118 in
1119 1062 1164 1118 h
1180 1078 1216 1118 o
1232 1079 1265 1118 c
1307 1060 1555 1119 Christo
1569 1060 1596 1092 ⁰
1639 1063 1870 1119 servire
1916 1063 2264 1138 queamus'.
2358 1063 2496 1135 Quo

262 1151 503 1222 audit0,
539 1150 599 1206 K
614 1167 653 1207 a
668 1151 732 1207 rl
748 1167 783 1208 o
802 1169 867 1207 m
882 1168 921 1207 a
934 1169 979 1207 n
992 1169 1039 1207 n
1054 1169 1097 1208 u
1113 1169 1143 1208 s
1188 1155 1355 1208 nutu
1383 1151 1501 1208 Dei
1546 1153 1804 1226 gavinus
1843 1154 1960 1221 ent,
1994 1156 2060 1209 et
2089 1169 2208 1209 con
2222 1171 2265 1208 v
2281 1169 2316 1210 o
2333 1171 2365 1210 c
2380 1171 2495 1210 ans

263 1255 485 1296 omnes
532 1239 753 1314 palatii
790 1241 889 1296 sui
918 1241 1252 1315 principes,
1302 1240 1670 1314 petitionem
1702 1241 1975 1315 episcopi
2023 1258 2056 1298 e
2073 1242 2094 1297 i
2110 1259 2139 1297 s
2187 1243 2252 1297 in
2268 1245 2297 1298 t
2312 1243 2331 1297 i
2346 1261 2412 1298 m
2427 1260 2464 1299 a
2477 1273 2496 1282 -

261 1329 361 1385 vit
419 1333 611 1403 atque
678 1345 889 1386 coram
950 1330 1039 1386 eis
1098 1329 1306 1386 locum
1366 1330 1621 1404 postula
1637 1334 1666 1387 t
1677 1347 1723 1386 ιι
1738 1347 1805 1385 ιιι
1863 1330 2128 1387 tradidit
2185 1331 2494 1405 episcop0,

263 1417 513 1474 dicens:
596 1413 865 1475 ‘Locum
933 1406 1262 1493 igiturd,
1339 1435 1528 1493 quem
1597 1419 1760 1492 petis
1837 1423 1902 1475 et
1976 1437 2192 1493 quem
2268 1420 2497 1476 iuxta

261 1507 401 1580 ripa
413 1525 479 1563 m
524 1506 804 1563 fluminis
850 1505 1089 1564 Fuldae
1144 1525 1174 1562 s
1189 1507 1211 1562 i
1225 1510 1254 1564 t
1267 1525 1310 1563 ιι
1326 1525 1393 1563 ιιι
1452 1508 1702 1576 asseriS,
1750 1511 1958 1565 totum
2017 1509 2313 1583 quicquid
2329 1498 2359 1532 *
2416 1510 2497 1564 in

262 1595 409 1652 hoc
456 1596 599 1653 sub
646 1613 819 1653 mea
864 1598 1286 1670 potestate
1333 1596 1764 1666 consistit,
1813 1597 1906 1653 ab
1952 1597 2350 1654 hodierna
2397 1597 2496 1654 die

262 1685 331 1740 in
377 1685 476 1741 ius
521 1685 778 1742 Domini
822 1685 1026 1754 trade,
1074 1685 1165 1741 ita
1209 1687 1284 1742 ut
1328 1685 1407 1742 ab
1454 1685 1559 1742 illo
1604 1685 1740 1742 loco
1783 1686 2084 1760 undique,
2133 1686 2212 1742 ab
2259 1686 2385 1742 orie
2393 1690 2498 1744 nte

262 1773 501 1830 scilicet
545 1778 611 1831 et
656 1774 997 1842 occidente,
1046 1790 1085 1830 a
1132 1773 1559 1848 septentrione
1607 1777 1672 1830 et
1729 1774 2009 1843 meridie,
2070 1775 2328 1832 marcha
2385 1792 2498 1850 per

260 1855 401 1919 tria
420 1855 443 1894 1
510 1863 686 1919 milia
741 1879 1050 1937 passuum
1109 1859 1450 1920 tendatur'.
1565 1862 1628 1918 H
1643 1879 1680 1919 a
1697 1879 1731 1919 c
1797 1862 1863 1920 it
1877 1880 1914 1920 a
1930 1881 1967 1938 q
1985 1881 2027 1919 u
2042 1880 2075 1920 e
2143 1864 2446 1921 tradition
2461 1881 2496 1920 e

262 1950 291 2007 f
306 1967 345 2008 a
359 1968 393 2008 c
406 1954 437 2008 t
450 1968 489 2007 a
508 1994 521 2019 ,
570 1952 745 2008 misit
791 1951 890 2008 eti
905 1969 943 2008 a
956 1969 1023 2007 m
1068 1951 1348 2019 nuntios,
1397 1969 1437 2026 q
1451 1951 1531 2008 ui
1578 1967 1798 2008 omnes
1845 1953 2085 2009 nobiles
2132 1953 2199 2008 in
2243 1953 2498 2027 regione

262 2039 553 2114 Grapfelt
604 2041 649 2096 h
666 2041 943 2097 abitan
962 2044 1087 2097 tes
1147 2044 1600 2116 congregarent
1644 2039 1952 2116 eosque⁰
2010 2059 2039 2098 s
2056 2043 2498 2116 uppliciter

262 2132 602 2204 rogarent,
673 2133 747 2186 ut
806 2130 1029 2198 omnis,
1092 2130 1201 2204 qui
1258 2129 1467 2186 infra
1526 2130 1928 2187 marcham
1991 2148 2078 2187 su
2097 2149 2134 2204 p
2153 2147 2290 2187 ran
2309 2132 2494 2187 omi-

261 2221 534 2275 natam
596 2218 832 2294 aliquid
896 2218 1374 2292 proprietatis
1447 2219 1742 2287 haberet,
1816 2218 2067 2277 faceret
2085 2262 2098 2288 ‚
2173 2238 2255 2294 qu
2275 2237 2361 2277 ae
2421 2224 2499 2277 et

262 2324 303 2380 p
319 2307 383 2363 ri
398 2326 442 2363 n
460 2323 495 2364 c
510 2325 543 2364 e
558 2325 599 2382 p
616 2325 645 2364 s
736 2306 903 2364 fecis
920 2325 949 2363 s
967 2324 1001 2364 e
1017 2311 1046 2364 t
1066 2350 1079 2376 ,
1173 2308 1396 2364 traden
1414 2325 1444 2364 s
1534 2302 1863 2366 videlicet
1941 2303 2014 2365 in
2093 2303 2494 2386 obsequium

264 2389 548 2453 Domini
608 2390 1137 2472 monasteriique
1197 2411 1239 2453 a
1306 2393 1545 2454 sancto
1605 2391 1961 2454 Bonifatio
2031 2392 2494 2455 construendi.

264 2483 549 2560 Cumque
596 2502 635 2541 a
680 2485 887 2542 nuntii
904 2503 933 2542 s
988 2503 1029 2560 p
1044 2503 1075 2542 r
1090 2502 1123 2541 e
1142 2486 1266 2560 sig
1279 2503 1324 2541 n
1339 2502 1376 2542 a
1388 2486 1453 2542 ti
1500 2502 1719 2542 omnes
1737 2473 1763 2515 f
1814 2484 2088 2543 fuissent
2135 2502 2246 2543 con
2253 2487 2496 2560 gregati

262 2574 831 2649 principisque
890 2574 1380 2648 petitionem
1438 2575 2065 2648 cognovissent,
2122 2590 2294 2631 mox
2349 2592 2494 2631 cum

264 2663 436 2719 omni
468 2663 508 2718 d
528 2679 561 2720 e
574 2681 618 2719 v
632 2679 667 2720 o
683 2663 746 2720 ti
763 2679 798 2720 o
811 2680 856 2718 ιι
872 2662 951 2720 eg
962 2707 975 2731 ,
1002 2663 1299 2737 quicquid
1329 2663 1728 2736 proprietatis
1762 2663 1995 2720 ibidem
2019 2663 2146 2720 hab
2163 2681 2205 2719 u
2220 2680 2254 2720 e
2270 2682 2299 2719 r
2316 2682 2357 2719 ιι
2371 2682 2416 2719 ιι
2433 2667 2461 2720 t
2476 2707 2490 2732 ,

262 2745 415 2809 Deo
472 2738 888 2828 sanctoqueh
942 2744 1297 2809 Bonifatio
1358 2765 1630 2810 necnon
1689 2769 1728 2808 a
1743 2753 1784 2808 b
1800 2752 1841 2808 b
1857 2769 1895 2808 a
1911 2753 1976 2808 ti
2021 2770 2063 2807 v
2078 2770 2112 2820 e
2127 2770 2170 2809 n
2191 2769 2224 2810 e
2241 2771 2270 2808 r
2285 2769 2323 2808 a
2337 2771 2378 2808 n
2397 2753 2439 2808 d
2457 2769 2494 2808 o

260 2839 499 2897 Sturmi
515 2828 532 2870 ¹
594 2827 1126 2919 possidendumk
1175 2841 1594 2898 tradiderunt.
1696 2834 1798 2919 >Ut
1857 2837 2091 2898 autem
2138 2836 2307 2900 haec
2362 2838 2492 2898 tra-

262 2923 436 2988 ditio
512 2924 585 2986 in
660 2926 1069 3008 perpetuum
1148 2923 1587 2988 corroborata
1663 2927 2097 3007 permaneret
2115 2975 2128 2998 ,
2211 2930 2273 2986 Κ
2287 2947 2326 2987 a
2340 2949 2369 2986 r
2384 2931 2403 2987 l
2421 2947 2456 2987 o
2473 2961 2492 2971 ·

258 3037 325 3076 m
344 3036 383 3075 a
396 3036 441 3074 n
456 3037 500 3075 n
514 3038 558 3076 u
576 3037 605 3075 s
626 3062 639 3088 ,
702 3013 896 3077 cuius
942 3012 1277 3076 instinctu
1325 3014 1495 3077 haec
1550 3015 1782 3077 omnia
1841 3013 2244 3096 agebantur,
2310 3020 2494 3076 iussit

257 3111 501 3165 cartam
547 3125 698 3165 suae
757 3107 1115 3165 traditionis
1173 3109 1378 3177 scribi,
1439 3125 1632 3183 quam
1677 3109 1812 3182 ipse
1859 3126 1889 3164 s
1904 3109 1926 3163 i
1939 3125 1982 3183 g
1996 3109 2017 3163 i
2032 3109 2091 3165 ll
2109 3125 2144 3165 o
2165 3103 2188 3140 ²
2233 3109 2494 3183 proprio

256 3197 534 3254 firmare
596 3197 943 3254 studuit.
1635 3194 1642 3199 ’

474 3293 532 3380 (l
543 3295 624 3379 8).
688 3296 862 3361 Cum
908 3298 1125 3381 igitur
1169 3298 1339 3361 haec
1374 3299 1581 3380 atque
1614 3298 1722 3362 his
1755 3298 2006 3361 similia
2035 3298 2218 3362 idem
2253 3298 2491 3361 Karlo·

257 3407 551 3450 mannus
598 3387 861 3451 faciens
905 3387 981 3449 in
1029 3386 1399 3450 dilectione
1415 3380 1435 3422 ¹
1498 3387 1629 3450 Dei
1691 3389 1762 3450 et
1807 3387 2100 3471 proximi
2147 3387 2364 3469 magis
2413 3407 2494 3450 ac

254 3477 475 3560 magis
538 3477 917 3560 proficeret,
982 3475 1103 3539 sed
1162 3475 1450 3539 eandem
1515 3475 1956 3540 dilectionem
2017 3496 2155 3538 non
2217 3495 2298 3538 ea
2359 3496 2493 3556 qua

252 3565 480 3630 vol-uit
523 3565 929 3648 integritate
974 3565 1049 3627 in
1096 3564 1390 3628 seculari
1436 3563 1683 3628 habitu
1732 3564 2151 3629 constitutus
2205 3563 2492 3647 implere

470 3738 523 3806 *)
579 3738 893 3804 totum(que
928 3737 1052 3790 add.
1090 3738 1195 3803 23),
1234 3735 1405 3804 quod
1442 3736 1542 3788 sub
1575 3753 1700 3789 mea
1732 3735 1897 3789 illic
1921 3739 2192 3804 potestate
2230 3736 2492 3803 consistit,

574 3809 719 3862 tibi
754 3808 914 3861 trado
953 3807 1021 3860 ab
1058 3807 1325 3860 hodierna
1359 3806 1449 3859 die
1487 3823 1711 3875 usque
1759 3807 1830 3860 in
1867 3808 2396 3876 sempiternum
2435 3807 2492 3859 in

573 3880 657 3933 ius
695 3883 764 3933 et
799 3877 1339 3948 proprietatem
1375 3877 1519 3932 Deo
1569 3877 1673 3932 ibi
1719 3877 2266 3946 famulancium‚
2319 3879 2398 3931 ita
2431 3882 2494 3930 ut

573 3955 658 4008 2e.
684 3951 752 4006 εἴ

468 4112 572 4153 VII.
629 4113 733 4160 Gap.
757 4111 824 4152 17.
856 4111 922 4150 18.
981 4113 1019 4150 1.
1050 4110 1229 4155 2a.b.c.

252 4202 297 4248 a)
326 4201 561 4241 ‘Buchonia
588 4201 649 4242 20.
666 4200 729 4240 e*.
838 4200 884 4252 b)
913 4200 944 4238 1.
974 4210 1035 4239 sc.
1068 4200 1129 4249 20,
1162 4210 1276 4239 corr.
1388 4201 1430 4249 c)
1462 4199 1507 4237 in
1534 4199 1670 4237 litura
1699 4199 1766 4238 2α.
1879 4199 1924 4247 d)
1952 4200 2016 4238 ita
2043 4201 2081 4242 1.
2109 4200 2155 4250 33
2185 4211 2268 4238 om.
2299 4199 2367 4242 201.
2389 4199 2496 4246 b.c,·

252 4255 435 4304 quidem
461 4253 507 4294 V.
538 4254 717 4293 Stumi.
830 4251 875 4304 e)
911 4263 1079 4301 eosque
1116 4254 1261 4302 suppl.
1289 4264 1383 4301 rog.
1417 4264 1499 4294 om.
1527 4253 1594 4294 2b.
1718 4252 1753 4303 f)
1789 4253 1822 4294 1'.
1854 4262 1896 4292 o.
1928 4254 1968 4292 1.
2079 4254 2120 4302 g)
2160 4253 2394 4292 alacritate
2423 4253 2488 4292 2b.

251 4308 409 4401 ἓὲὶέξὲ
432 4307 671 4400 aanor.)
700 4309 854 4346 sancto
882 4307 948 4345 20.
1077 4306 1109 4358 i)
1153 4306 1321 4346 Strumi
1350 4308 1414 4357 20,
1442 4317 1555 4348 corr.
1681 4304 1728 4353 k)
1773 4308 1829 4344 tr.
1861 4317 1981 4355 poss.
2013 4306 2074 4348 2⁶.
2204 4306 2236 4357 1)
2277 4307 2339 4344 ita
2368 4307 2407 4345 1.
2439 4306 2490 4355 ὃς

252 4507 307 4570 1)
352 4501 599 4570 Quatuor
634 4502 805 4568 Eiqil.
948 4503 1005 4569 2)
1048 4499 1281 4569 Propria
1316 4517 1483 4554 manu
1518 4501 1672 4554 idem.

2529 679 2574 718 V.
2592 679 2762 724 Sturmt'

2575 745 2609 774 c.
2625 734 2690 776 12,
