3167 5192
666 482 804 537 LVI
1552 476 2009 535 PRAEFATIO.

665 665 786 729 hac
829 662 1100 728 editione
1159 669 1480 744 excerptas
1523 661 1631 726 Pe
1644 682 1683 725 r
1697 668 1770 725 te
1813 660 1887 725 in
1931 660 2098 725 notis
2142 658 2327 724 Vitae
2368 657 2909 725 Wittibaldianae

664 751 1013 817 subiunctis
1057 751 1304 833 attulit,
1357 772 1407 816 c.
1461 756 1739 815 15—-17,
1800 750 1863 815 J
1867 749 2049 829 affe
2108 750 2147 814 l.
2197 749 2238 813 l.
2289 770 2358 829 p.
2410 754 2560 812 506.
2622 745 2903 811 iteravit.

667 841 880 906 Vitam
909 841 983 905 in
1007 840 1294 924 linquam
1317 838 1771 905 Germanicam
1798 838 1985 903 vertit
2006 838 2085 901 K
2090 843 2137 901 ii
2151 838 2175 901 t
2189 839 2224 902 b
2256 838 2295 902 l.
2322 838 2364 901 l.
2395 838 2500 918 II,
2524 841 2899 900 306—326.

1712 1016 1844 1081 IV.

1269 1140 1458 1206 Vita
1518 1139 1773 1205 tertia
1831 1138 2294 1218 Bonifatii.
2951 1162 3017 1199 ss

877 1266 969 1330 In
1015 1267 1230 1331 eadem
1275 1264 1411 1343 fere
1455 1264 1713 1347 reqione
1758 1270 1941 1346 atque
1987 1264 2350 1345 opusculum
2395 1262 2906 1328 Radbodianum

667 1354 850 1420 tertia
889 1353 1038 1419 Vita
1067 1352 1403 1433 Bonifatii
1447 1353 1786 1435 composita
1831 1359 1936 1434 est,
1986 1352 2166 1417 cuius
2211 1353 2287 1416 de
2334 1358 2535 1416 aetate
2581 1372 2713 1416 non
2744 1351 2907 1415 satis

666 1449 923 1524 constat,
971 1443 1104 1508 nisi
1148 1445 1316 1525 quod
1346 1448 1494 1523 post
1538 1465 1600 1507 a.
1652 1448 1799 1505 917.
1847 1448 1907 1505 et
1948 1448 2095 1505 ante
2140 1464 2201 1505 a.
2257 1447 2447 1504 1075.
2496 1446 2717 1504 auctor
2763 1461 2905 1503 eam

665 1532 935 1613 scripsit,
1008 1554 1146 1597 cum
1214 1538 1272 1595 et
1336 1531 1470 1612 ipse
1528 1528 1855 1595 Hucbaldi
1916 1529 2065 1595 Vita
2123 1529 2404 1595 Lebuini
2470 1550 2624 1593 usus
2694 1528 2782 1593 sit
2846 1536 2908 1592 et

665 1621 1026 1702 opusculum
1111 1620 1317 1701 ipsius
1391 1619 1643 1683 Adamo
1733 1618 2037 1684 canonico
2110 1618 2453 1683 Bremensi
2543 1616 2906 1683 clarissimo
2948 1640 3010 1678 ιο

651 1716 911 1791 praesto
939 1708 1142 1788 fuisse
1171 1708 1464 1773 videatur
1481 1708 1524 1769 ¹.
1602 1708 1845 1772 Auctor
1888 1706 2193 1789 inprimis
2229 1706 2598 1773 Willibaldo
2644 1706 2902 1787 nititur,

664 1798 778 1863 etsi
829 1798 1020 1862 verba
1079 1797 1214 1862 eius
1269 1817 1426 1861 raro
1483 1795 1760 1860 servavit
1770 1817 1795 1874 ,·
1853 1796 2079 1861 deinde
2135 1797 2448 1861 nonnulla
2507 1818 2538 1860 e
2584 1795 2907 1876 Liudyeri

678 1886 829 1952 Vita
884 1884 1199 1967 Greyorii,
1270 1905 1460 1966 quam
1504 1884 1639 1966 ipse
1686 1883 1905 1948 citavit
1920 1887 1960 1965 2,
2032 1884 2431 1967 deprompsit,
2502 1884 2598 1949 ita
2643 1890 2715 1948 ut
2760 1906 2905 1949 cum

663 1976 880 2039 eadem
925 1974 1218 2038 tredecim
1265 1994 1471 2038 annos
1529 1974 1705 2055 apud
1760 1970 2237 2039 Willibrordum
2296 1980 2653 2039 transactos
2698 1972 2903 2037 Boni-

663 2063 828 2143 fatio
896 2069 1118 2127 temere
1186 2061 1547 2126 attribuerit
1565 2064 1606 2143 ⁸,
1680 2068 1807 2125 tum
1872 2083 2089 2142 pauca
2158 2083 2235 2126 ex
2308 2062 2499 2127 huius
2567 2061 2720 2129 Vita
2788 2062 2898 2125 II.
2946 2085 3000 2123 15

666 2147 1026 2234 (Radbodi)
1075 2150 1342 2215 addidit.
1439 2151 1774 2215 Nonnulla
1820 2149 2003 2215 Vitae
2047 2150 2325 2215 Lebuini
2378 2152 2650 2232 debebat,
2706 2172 2903 2232 quam

662 2240 1038 2305 Hucbaldus
1079 2240 1424 2303 monachus
1452 2238 1846 2303 Elnonensis
1888 2239 2321 2305 celeberrimus
2353 2236 2415 2323 (†
2446 2239 2597 2321 930)
2630 2246 2901 2321 tempore

660 2328 964 2394 Baldrici
1044 2328 1321 2411 episcopi
1404 2326 1826 2393 Traiectensis
1902 2326 2007 2407 (91
2020 2334 2054 2391 7
2069 2364 2155 2373 —-
2177 2324 2329 2413 976)
2406 2334 2837 2410 composuerat
2852 2330 2894 2407 4,

661 2417 863 2499 capite
930 2424 1142 2483 octavo
1204 2423 1379 2500 qesta
1436 2416 1771 2496 Bonifatii
1836 2437 2159 2482 enarrans
2178 2418 2219 2480 ⁵.
2336 2417 2448 2482 Ibi
2507 2415 2899 2498 Wiltenbury

660 2528 887 2572 nomen
925 2506 1205 2572 Traiecti
1243 2505 1592 2588 antiquum,
1624 2505 2202 2587 interpretationem
2230 2505 2513 2571 nominis
2542 2505 2895 2587 Bonifatii,
2938 2530 2997 2569 20

660 2616 990 2661 numerum
1041 2596 1352 2661 sociorum
1410 2594 1719 2677 martyris
1777 2602 2140 2677 reppererat
2156 2596 2199 2657 ⁶.
2292 2594 2587 2676 Denique
2633 2594 2899 2660 Alevini

675 2684 889 2751 Vitam
925 2683 1322 2749 thibrordi
1367 2684 1463 2750 ita
1507 2682 1817 2764 adhibuit,
1866 2689 1938 2747 ut
1978 2684 2291 2749 nonnulla
2326 2704 2403 2748 ex
2433 2685 2548 2748 hoc
2578 2685 2669 2749 ad
2694 2683 2898 2749 Boni-

661 2861 715 2927 1)
761 2860 1006 2911 Adamas
1053 2862 1113 2911 in
1169 2859 1341 2911 Gestis
1390 2859 1913 2924 Hammaburyensis
1961 2859 2198 2910 ecclesiae
2233 2857 2281 2924 I,
2322 2859 2385 2911 11
2426 2857 2549 2923 (SS.
2584 2857 2713 2923 VII,
2755 2860 2861 2913 287
2874 2875 2899 2920 ‚·

659 2932 818 2983 editio
855 2934 905 2985 2.
942 2932 1083 2982 inter
1118 2930 1214 2983 SS.
1252 2930 1319 2983 R.
1361 2929 1633 2994 German„
1674 2931 1830 2995 1876,
1860 2946 1919 2995 p.
1953 2931 2015 2993 8)
2051 2930 2113 2979 de
2150 2929 2429 2994 Bonifatio
2466 2944 2629 2995 ayens
2664 2930 2863 2981 desinit
2878 2948 2899 2980 .-

661 2999 832 3053 Gesta
881 2999 995 3052 eius
1047 2998 1294 3067 plenaria
1342 3016 1510 3051 manu
1559 3016 1594 3051 a
1643 2997 1921 3067 discipulis
1972 2998 2121 3051 edita
2170 3002 2295 3051 sunt
2312 3038 2325 3065 ,
2382 2999 2475 3067 qui
2527 3015 2652 3052 eum
2709 2998 2902 3052 ferunt
2936 3010 2993 3048 25

660 3071 970 3139 agonizasse
1025 3087 1176 3122 eum
1231 3069 1400 3121 aliis
1454 3068 1989 3137 quinquaginta
2040 3072 2107 3123 et
2162 3069 2477 3138 amplius
2530 3070 2900 3123 commili-
2952 3067 2956 3071 ’

659 3141 957 3194 tonibus
1008 3139 1154 3192 suis
1197 3156 1341 3192 anno
1378 3139 1735 3192 ordinationis
1772 3156 1900 3193 suae
1936 3143 2031 3207 373
2082 3140 2197 3208 ipse
2235 3145 2315 3193 est
2366 3158 2539 3193 annus
2588 3140 2901 3193 dominicae

656 3211 1045 3265 incarnationis
1084 3214 1204 3278 755,
1255 3210 1478 3279 Pippini
1513 3210 1740 3263 iunioris
1779 3214 1862 3266 14.
1938 3213 2093 3263 Anni
2132 3214 2491 3265 ordinationis
2542 3218 2588 3264 et
2635 3216 2902 3265 incarna-

657 3286 822 3337 tionis
857 3300 882 3335 e
918 3282 1222 3335 Walibaldo
1258 3286 1326 3349 (c.
1363 3285 1415 3338 8.
1439 3285 1551 3343 ex.)
1578 3282 1845 3349 pendent,·
1892 3284 1982 3335 sed
2016 3299 2299 3335 numerum
2332 3287 2597 3336 sociorum
2636 3284 2710 3335 ad
2742 3290 2901 3349 qesta

657 3356 832 3407 saneti
877 3356 990 3407 alia
1037 3356 1240 3421 referri
1285 3370 1390 3406 non
1435 3369 1586 3421 posse
1633 3356 1747 3407 nisi
1792 3354 1865 3405 ad
1908 3355 2086 3405 Vitam
2123 3354 2233 3409 III.
2286 3370 2325 3408 c.
2367 3357 2451 3419 12,
2501 3360 2636 3407 reete
2686 3357 2902 3407 monuit
2940 3366 2994 3405 30

655 3426 1008 3493 Lappenbery
1057 3426 1337 3491 (‘Archiv’
1387 3426 1483 3492 VI,
1525 3427 1673 3490 791).
1763 3425 2087 3477 Conveniunt
2135 3442 2197 3477 ea
2250 3442 2385 3492 quae
2432 3426 2679 3479 Adamas
2718 3428 2899 3493 paulo

656 3514 829 3565 supra
863 3500 1116 3564 scripsit:
1143 3494 1464 3550 winifridus
1495 3528 1568 3535 —
1594 3526 1661 3535 —
1700 3496 1788 3549 cui
1824 3499 2015 3563 postea
2053 3500 2480 3565 cognomentum
2518 3514 2595 3550 ex
2630 3498 2898 3550 virtute

658 3571 775 3620 erat
809 3567 1138 3621 Bonefaeius
1174 3569 1268 3633 (ef.
1309 3568 1561 3621 Sallustii
1595 3567 1714 3634 Iuy.
1754 3583 1794 3621 c.
1821 3570 1872 3632 5,
1896 3569 1973 3633 4),
2024 3574 2339 3634 comparata
2384 3584 2502 3620 cum
2546 3570 2720 3620 eadem
2766 3570 2897 3620 Vita

657 3654 699 3693 c.
725 3641 790 3694 5:
840 3655 1152 3706 nomenque
1188 3638 1268 3691 illi
1302 3642 1608 3706 propter
1644 3655 1765 3690 sua
1800 3639 1987 3690 bona
2024 3655 2245 3705 opera
2278 3637 2596 3691 Bonifaeius
2632 3639 2894 3707 inposuit.

656 3708 711 3777 2)
757 3711 815 3763 V.
854 3710 965 3763 ΙΙΙ.
1002 3710 1272 3776 Bonifatii
1320 3726 1359 3763 c.
1398 3713 1462 3765 8:
1512 3710 1739 3761 beatum
1778 3708 2105 3777 Gregorium
2144 3740 2210 3747 —
2247 3742 2319 3748 —
2363 3711 2515 3762 euius
2569 3711 2735 3763 etiam
2784 3710 2895 3762 vir-
2938 3721 2992 3759 35

655 3783 839 3831 tutum
889 3779 1036 3848 apud
1083 3797 1182 3833 nos
1217 3780 1489 3832 habentur
1523 3779 1817 3833 volumina.
1964 3782 2020 3848 3>
2059 3780 2137 3834 Ib.
2177 3796 2217 3835 c.
2255 3784 2305 3835 3.
2451 3779 2508 3850 4)
2546 3783 2627 3834 De
2661 3783 2895 3848 proloyo

656 3850 930 3902 Huebaldi
976 3854 1173 3903 inedito
1221 3869 1268 3905 v.
1313 3852 1374 3905 V.
1413 3852 1565 3915 Rose,
1615 3854 1632 3881 ‘
1645 3852 2007 3903 Verzeichniss
2053 3852 2149 3902 der
2199 3851 2409 3906 Latein.
2449 3854 2577 3907 Hss.
2626 3854 2723 3904 der
2760 3853 2891 3919 Kyl.

657 3922 961 3977 Bibliothelc
1014 3939 1085 3973 zu
1129 3922 1338 3975 Berlin’
1373 3923 1454 3987 II,
1491 3924 1543 3987 2,
1583 3924 1739 3987 1903,
1785 3939 1843 3988 p.
1880 3925 1988 3978 850
2005 3939 2028 3985 ,·
2082 3923 2153 3986 cf.
2191 3939 2375 3975 versus
2430 3924 2679 3975 Iudionis
2730 3924 2889 3988 (Ma.

656 3993 844 4046 Poetae
866 3993 969 4056 IV,
995 3996 1141 4058 274).
1202 3994 1388 4061 Ipsam
1421 3995 1599 4045 Vitam
1633 3993 1706 4043 ad
1741 3993 2014 4045 editionem
2038 3993 2340 4046 Sur-ianam
2364 3996 2571 4061 (Miyne
2596 3994 2893 4059 CXXXII,

655 4066 972 4132 877—894)
1021 4066 1202 4129 citavi,
1253 4080 1371 4116 cum
1419 4064 1740 4115 Pertzianae
1778 4064 1894 4125 (SS.
1933 4065 2013 4132 II,
2052 4066 2154 4120 361
2182 4069 2320 4133 sqq.)
2370 4066 2651 4131 complura
2700 4067 2891 4120 desint.
2931 4077 2990 4113 40

657 4137 713 4203 5)
773 4136 946 4203 Caput
993 4138 1044 4191 8.
1094 4136 1367 4187 Hucbaldi
1404 4136 1617 4202 partim
1662 4136 1971 4188 Willibaldo
2019 4138 2125 4188 niti
2172 4138 2395 4203 videtur,
2454 4138 2543 4189 sed
2598 4137 2767 4187 multa-
2818 4138 2893 4188 ad

655 4208 870 4259 verbum
915 4208 1032 4271 fere
1080 4224 1104 4258 e
1141 4207 1403 4259 Chronico
1454 4207 1806 4259 Laurissensi
1850 4210 2053 4259 minore
2102 4210 2177 4275 (a.
2218 4210 2268 4265 5.
2308 4211 2356 4262 7.
2399 4210 2481 4262 12.
2523 4210 2607 4262 17.
2645 4207 2891 4274 Pippini,

656 4276 752 4331 SS.
792 4278 840 4345 I,
880 4280 982 4333 115
1006 4295 1083 4345 sq.
1099 4295 1123 4341 ,·
1159 4280 1234 4332 ed.
1272 4277 1468 4345 Waitz,
1508 4278 1629 4329 ‘Die
1662 4278 1832 4331 kleine
1866 4278 2130 4331 Lm·seher
2162 4279 2463 4331 Franken-
2480 4278 2750 4330 Chronilc’
2790 4279 2822 4333 l.
2854 4280 2890 4333 l.

647 4365 708 4415 p.
736 4350 842 4403 410
861 4352 996 4415 sqq.)
1044 4350 1310 4416 descripta
1357 4354 1498 4413 sunt,
1550 4350 1703 4401 cuius
1754 4350 1916 4401 codex
1951 4350 2274 4403 Etnonensis
2308 4365 2443 4402 saec.
2480 4350 2585 4404 IX.
2624 4355 2893 4402 exaratus

659 4424 816 4485 atque
846 4423 957 4471 sine
981 4421 1138 4473 dubio
1169 4420 1235 4472 ab
1257 4419 1534 4471 Huobaldo
1560 4420 1835 4472 adhibitus
1864 4422 2039 4472 adhuc
2074 4426 2235 4489 extat,
2274 4420 2428 4473 hodie
2459 4421 2893 4473 Valentianensis
2928 4432 2987 4471 45

656 4506 710 4541 n.
737 4492 842 4543 343
873 4492 1118 4555 (330221'8).
1243 4494 1298 4558 6)
1334 4491 1395 4545 V.
1435 4490 1544 4544 III.
1584 4491 1862 4556 Bonifatii
1893 4507 1934 4545 c.
1960 4495 2010 4545 3.
2051 4495 2101 4547 5.
2142 4494 2223 4546 12.
2296 4491 2636 4543 Hucbaldum
2670 4494 2893 4544 minime

655 4576 682 4612 e
729 4561 850 4612 Vita
876 4562 1118 4628 pendere,
1156 4562 1278 4613 inde
1313 4562 1452 4613 mihi
1483 4562 1629 4627 effici
1660 4564 1882 4629 videtur,
1923 4564 2077 4629 quod,
2115 4579 2249 4629 quae
2282 4562 2598 4615 Hucbaldus
2633 4564 2891 4615 dubitans
