<?xml version="1.0" encoding="UTF-8"?>
<!DOCTYPE html PUBLIC "-//W3C//DTD XHTML 1.0 Transitional//EN"
    "http://www.w3.org/TR/xhtml1/DTD/xhtml1-transitional.dtd">
<html xmlns="http://www.w3.org/1999/xhtml" xml:lang="en" lang="en">
 <head>
  <title>
</title>
<meta http-equiv="Content-Type" content="text/html;charset=utf-8" />
  <meta name='ocr-system' content='tesseract 3.04.00' />
  <meta name='ocr-capabilities' content='ocr_page ocr_carea ocr_par ocr_line ocrx_word'/>
</head>
<body>
  <div class='ocr_page' id='page_1' title='image "./vitaesanctiboni00mogugoog_0075.png"; bbox 0 0 3167 5192; ppageno 0'>
   <div class='ocr_carea' id='block_1_1' title="bbox 661 467 2010 528">
    <p class='ocr_par' dir='ltr' id='par_1_1' title="bbox 661 467 2010 528">
     <span class='ocr_line' id='line_1_1' title="bbox 661 467 2010 528; baseline -0.001 0"><span class='ocrx_word' id='word_1_1' title='bbox 661 469 921 528; x_wconf 80' lang='lat' dir='ltr'>LXVIII</span> <span class='ocrx_word' id='word_1_2' title='bbox 1549 467 2010 526; x_wconf 78' lang='lat' dir='ltr'>PRAEFATIO.</span> 
     </span>
    </p>
   </div>
   <div class='ocr_carea' id='block_1_2' title="bbox 798 652 2987 1182">
    <p class='ocr_par' dir='ltr' id='par_1_2' title="bbox 798 652 2913 822">
     <span class='ocr_line' id='line_1_2' title="bbox 798 652 2913 737; baseline 0.001 -18"><span class='ocrx_word' id='word_1_3' title='bbox 798 661 960 737; x_wconf 80' lang='lat' dir='ltr'><strong><em>epist.</em></strong></span> <span class='ocrx_word' id='word_1_4' title='bbox 1013 663 1096 718; x_wconf 87' lang='lat'><em>60</em></span> <span class='ocrx_word' id='word_1_5' title='bbox 1161 659 1246 734; x_wconf 82' lang='lat' dir='ltr'><em>(p.</em></span> <span class='ocrx_word' id='word_1_6' title='bbox 1312 661 1461 730; x_wconf 91' lang='grc'><strong>324,</strong></span> <span class='ocrx_word' id='word_1_7' title='bbox 1515 660 1649 726; x_wconf 84' lang='lat'><em>15).</em></span> <span class='ocrx_word' id='word_1_8' title='bbox 1711 677 1749 717; x_wconf 86' lang='lat' dir='ltr'><em>a</em></span> <span class='ocrx_word' id='word_1_9' title='bbox 1794 652 1879 734; x_wconf 80' lang='lat' dir='ltr'><em>te]</em></span> <span class='ocrx_word' id='word_1_10' title='bbox 1945 661 2019 732; x_wconf 89' lang='grc'><em>2,·</em></span> <span class='ocrx_word' id='word_1_11' title='bbox 2078 665 2228 718; x_wconf 70' lang='lat' dir='ltr'><em>ante</em></span> <span class='ocrx_word' id='word_1_12' title='bbox 2294 662 2349 718; x_wconf 85' lang='lat'><em>1.</em></span> <span class='ocrx_word' id='word_1_13' title='bbox 2414 662 2455 719; x_wconf 87' lang='lat'><strong>4</strong></span> <span class='ocrx_word' id='word_1_14' title='bbox 2516 679 2643 720; x_wconf 90' lang='lat' dir='ltr'><em>cum</em></span> <span class='ocrx_word' id='word_1_15' title='bbox 2702 661 2913 721; x_wconf 74' lang='lat' dir='ltr'><em>Otloho</em></span> 
     </span>
     <span class='ocr_line' id='line_1_3' title="bbox 1076 748 1731 822; baseline 0 -16"><span class='ocrx_word' id='word_1_16' title='bbox 1076 748 1170 819; x_wconf 86' lang='lat' dir='ltr'><em>II,</em></span> <span class='ocrx_word' id='word_1_17' title='bbox 1207 751 1242 806; x_wconf 90' lang='lat'><strong>7</strong></span> <span class='ocrx_word' id='word_1_18' title='bbox 1296 749 1382 822; x_wconf 86' lang='lat' dir='ltr'><em>(p.</em></span> <span class='ocrx_word' id='word_1_19' title='bbox 1439 749 1584 818; x_wconf 86' lang='lat'><strong>183,</strong></span> <span class='ocrx_word' id='word_1_20' title='bbox 1622 749 1731 821; x_wconf 84' lang='lat'><em>3);</em></span> 
     </span>
    </p>

    <p class='ocr_par' dir='ltr' id='par_1_3' title="bbox 800 831 2913 914">
     <span class='ocr_line' id='line_1_4' title="bbox 800 831 2913 914; baseline -0 -16"><span class='ocrx_word' id='word_1_21' title='bbox 800 839 963 914; x_wconf 86' lang='lat' dir='ltr'><em>epist.</em></span> <span class='ocrx_word' id='word_1_22' title='bbox 994 840 1070 897; x_wconf 88' lang='grc'><em>61</em></span> <span class='ocrx_word' id='word_1_23' title='bbox 1119 838 1206 912; x_wconf 86' lang='lat' dir='ltr'><em>(p.</em></span> <span class='ocrx_word' id='word_1_24' title='bbox 1237 840 1386 908; x_wconf 89' lang='grc'><strong>326,</strong></span> <span class='ocrx_word' id='word_1_25' title='bbox 1415 839 1550 905; x_wconf 86' lang='lat'><strong><em>33).</em></strong></span> <span class='ocrx_word' id='word_1_26' title='bbox 1585 831 1774 913; x_wconf 88' lang='lat' dir='ltr'><em>quod]</em></span> <span class='ocrx_word' id='word_1_27' title='bbox 1816 839 1845 895; x_wconf 92' lang='lat'>1</span> <span class='ocrx_word' id='word_1_28' title='bbox 1899 855 2024 896; x_wconf 89' lang='lat' dir='ltr'><em>cum</em></span> <span class='ocrx_word' id='word_1_29' title='bbox 2054 837 2257 897; x_wconf 79' lang='lat' dir='ltr'><em>Otloko</em></span> <span class='ocrx_word' id='word_1_30' title='bbox 2288 837 2383 908; x_wconf 91' lang='lat' dir='ltr'><em>II,</em></span> <span class='ocrx_word' id='word_1_31' title='bbox 2412 841 2449 896; x_wconf 90' lang='grc'>6</span> <span class='ocrx_word' id='word_1_32' title='bbox 2502 839 2591 913; x_wconf 88' lang='lat' dir='ltr'><em>(p.</em></span> <span class='ocrx_word' id='word_1_33' title='bbox 2623 839 2771 909; x_wconf 85' lang='lat'>181,</span> <span class='ocrx_word' id='word_1_34' title='bbox 2800 841 2913 912; x_wconf 81' lang='grc'><strong>2),-</strong></span> 
     </span>
    </p>

    <p class='ocr_par' dir='ltr' id='par_1_4' title="bbox 802 929 2987 1182">
     <span class='ocr_line' id='line_1_5' title="bbox 802 929 2987 1092; baseline 0 -17"><span class='ocrx_word' id='word_1_35' title='bbox 802 1018 967 1092; x_wconf 81' lang='lat' dir='ltr'><em>epist.</em></span> <span class='ocrx_word' id='word_1_36' title='bbox 989 929 1361 1090; x_wconf 37' lang='lat' dir='ltr'><em>weg-1134&amp;</em></span> <span class='ocrx_word' id='word_1_37' title='bbox 1375 1017 1466 1083; x_wconf 80' lang='grc'><strong>2).</strong></span> <span class='ocrx_word' id='word_1_38' title='bbox 1500 1005 1813 1092; x_wconf 80' lang='lat' dir='ltr'><em>paratum]</em></span> <span class='ocrx_word' id='word_1_39' title='bbox 1848 1017 1877 1073; x_wconf 90' lang='lat'>1</span> <span class='ocrx_word' id='word_1_40' title='bbox 1908 1033 2034 1073; x_wconf 89' lang='lat' dir='ltr'><em>cum</em></span> <span class='ocrx_word' id='word_1_41' title='bbox 2062 1015 2267 1074; x_wconf 78' lang='lat' dir='ltr'><em>Otloho</em></span> <span class='ocrx_word' id='word_1_42' title='bbox 2288 1016 2383 1086; x_wconf 92' lang='lat' dir='ltr'><em>II,</em></span> <span class='ocrx_word' id='word_1_43' title='bbox 2406 1017 2445 1074; x_wconf 84' lang='lat'>8</span> <span class='ocrx_word' id='word_1_44' title='bbox 2474 1017 2558 1091; x_wconf 84' lang='lat' dir='ltr'><em>(p.</em></span> <span class='ocrx_word' id='word_1_45' title='bbox 2594 1018 2915 1090; x_wconf 81' lang='lat'>185‚14);</span> <span class='ocrx_word' id='word_1_46' title='bbox 2948 1035 2987 1075; x_wconf 68' lang='lat' dir='ltr'><strong>a</strong></span> 
     </span>
     <span class='ocr_line' id='line_1_6' title="bbox 1077 1107 1651 1182; baseline -0.002 -20"><span class='ocrx_word' id='word_1_47' title='bbox 1077 1111 1523 1182; x_wconf 80' lang='lat' dir='ltr'><em>praeparatum</em></span> <span class='ocrx_word' id='word_1_48' title='bbox 1573 1107 1651 1177; x_wconf 87' lang='grc'><em>2,·</em></span> 
     </span>
    </p>
   </div>
   <div class='ocr_carea' id='block_1_3' title="bbox 803 1182 2917 1354">
    <p class='ocr_par' dir='ltr' id='par_1_5' title="bbox 803 1182 2917 1354">
     <span class='ocr_line' id='line_1_7' title="bbox 803 1182 2917 1269; baseline -0.003 -15"><span class='ocrx_word' id='word_1_49' title='bbox 803 1196 880 1254; x_wconf 85' lang='lat' dir='ltr'><em>ib.</em></span> <span class='ocrx_word' id='word_1_50' title='bbox 918 1194 1006 1269; x_wconf 80' lang='lat' dir='ltr'><em>(p.</em></span> <span class='ocrx_word' id='word_1_51' title='bbox 1035 1195 1185 1263; x_wconf 80' lang='lat'><strong>349,</strong></span> <span class='ocrx_word' id='word_1_52' title='bbox 1209 1195 1342 1261; x_wconf 86' lang='lat'><em>14).</em></span> <span class='ocrx_word' id='word_1_53' title='bbox 1377 1182 1813 1269; x_wconf 69' lang='lat' dir='ltr'><em>Godalsacius]</em></span> <span class='ocrx_word' id='word_1_54' title='bbox 1848 1194 1877 1250; x_wconf 93' lang='lat'>1</span> <span class='ocrx_word' id='word_1_55' title='bbox 1908 1211 2034 1252; x_wconf 90' lang='lat' dir='ltr'><em>cum</em></span> <span class='ocrx_word' id='word_1_56' title='bbox 2064 1192 2265 1252; x_wconf 77' lang='lat' dir='ltr'><em>Otloho</em></span> <span class='ocrx_word' id='word_1_57' title='bbox 2289 1193 2383 1264; x_wconf 87' lang='lat' dir='ltr'><em>II,</em></span> <span class='ocrx_word' id='word_1_58' title='bbox 2407 1195 2446 1252; x_wconf 92' lang='grc'><strong>8</strong></span> <span class='ocrx_word' id='word_1_59' title='bbox 2475 1195 2561 1269; x_wconf 86' lang='lat' dir='ltr'><em>(p.</em></span> <span class='ocrx_word' id='word_1_60' title='bbox 2595 1195 2878 1265; x_wconf 83' lang='lat'><strong>185,27)</strong></span> <span class='ocrx_word' id='word_1_61' title='bbox 2893 1217 2917 1268; x_wconf 81' lang='lat'><em>‚-</em></span> 
     </span>
     <span class='ocr_line' id='line_1_8' title="bbox 1080 1283 1622 1354; baseline -0.002 -14"><span class='ocrx_word' id='word_1_62' title='bbox 1080 1283 1495 1341; x_wconf 80' lang='lat' dir='ltr'><em>Godolsacius</em></span> <span class='ocrx_word' id='word_1_63' title='bbox 1543 1285 1622 1354; x_wconf 87' lang='grc'><em>2,·</em></span> 
     </span>
    </p>
   </div>
   <div class='ocr_carea' id='block_1_4' title="bbox 804 1364 3021 1874">
    <p class='ocr_par' dir='ltr' id='par_1_6' title="bbox 804 1364 3021 1534">
     <span class='ocr_line' id='line_1_9' title="bbox 804 1364 2916 1448; baseline 0 -18"><span class='ocrx_word' id='word_1_64' title='bbox 804 1373 970 1448; x_wconf 83' lang='lat' dir='ltr'><em>epist.</em></span> <span class='ocrx_word' id='word_1_65' title='bbox 1021 1372 1102 1429; x_wconf 90' lang='grc'><em>87</em></span> <span class='ocrx_word' id='word_1_66' title='bbox 1159 1371 1246 1446; x_wconf 83' lang='lat' dir='ltr'><em>(p.</em></span> <span class='ocrx_word' id='word_1_67' title='bbox 1313 1373 1462 1441; x_wconf 86' lang='lat'><strong>369,</strong></span> <span class='ocrx_word' id='word_1_68' title='bbox 1513 1371 1651 1438; x_wconf 79' lang='lat'><strong><em>28).</em></strong></span> <span class='ocrx_word' id='word_1_69' title='bbox 1715 1364 2062 1444; x_wconf 81' lang='lat' dir='ltr'><em>conservet]</em></span> <span class='ocrx_word' id='word_1_70' title='bbox 2133 1372 2161 1428; x_wconf 95' lang='grc'><strong>1</strong></span> <span class='ocrx_word' id='word_1_71' title='bbox 2228 1389 2354 1430; x_wconf 89' lang='lat' dir='ltr'><em>cum</em></span> <span class='ocrx_word' id='word_1_72' title='bbox 2419 1372 2621 1432; x_wconf 77' lang='lat' dir='ltr'><em>Otloho</em></span> <span class='ocrx_word' id='word_1_73' title='bbox 2680 1371 2777 1443; x_wconf 86' lang='lat' dir='ltr'><em>II,</em></span> <span class='ocrx_word' id='word_1_74' title='bbox 2832 1374 2916 1431; x_wconf 86' lang='lat'><em>13</em></span> 
     </span>
     <span class='ocr_line' id='line_1_10' title="bbox 1085 1459 3021 1534; baseline 0.001 -17"><span class='ocrx_word' id='word_1_75' title='bbox 1085 1459 1174 1534; x_wconf 83' lang='lat' dir='ltr'><em>(p.</em></span> <span class='ocrx_word' id='word_1_76' title='bbox 1229 1461 1374 1530; x_wconf 88' lang='grc'><strong>196,</strong></span> <span class='ocrx_word' id='word_1_77' title='bbox 1413 1461 1520 1532; x_wconf 87' lang='lat'><em>7);</em></span> <span class='ocrx_word' id='word_1_78' title='bbox 1567 1465 1779 1518; x_wconf 73' lang='lat' dir='ltr'><em>servet</em></span> <span class='ocrx_word' id='word_1_79' title='bbox 1826 1463 1885 1518; x_wconf 91' lang='grc'><em>2.</em></span> <span class='ocrx_word' id='word_1_80' title='bbox 1936 1461 2014 1532; x_wconf 90' lang='grc'><em>4,·</em></span> <span class='ocrx_word' id='word_1_81' title='bbox 2954 1480 3021 1518; x_wconf 85' lang='grc' dir='ltr'><em>ιο</em></span> 
     </span>
    </p>

    <p class='ocr_par' dir='ltr' id='par_1_7' title="bbox 805 1542 2917 1624">
     <span class='ocr_line' id='line_1_11' title="bbox 805 1542 2917 1624; baseline -0 -15"><span class='ocrx_word' id='word_1_82' title='bbox 805 1551 883 1609; x_wconf 76' lang='lat' dir='ltr'><em>ib.</em></span> <span class='ocrx_word' id='word_1_83' title='bbox 920 1549 1006 1624; x_wconf 75' lang='lat' dir='ltr'><em>(p.</em></span> <span class='ocrx_word' id='word_1_84' title='bbox 1045 1551 1357 1619; x_wconf 80' lang='lat'><strong>372,12).</strong></span> <span class='ocrx_word' id='word_1_85' title='bbox 1400 1542 1543 1622; x_wconf 83' lang='lat' dir='ltr'><em>illis]</em></span> <span class='ocrx_word' id='word_1_86' title='bbox 1579 1567 1687 1607; x_wconf 84' lang='lat' dir='ltr'><em>om.</em></span> <span class='ocrx_word' id='word_1_87' title='bbox 1724 1551 1785 1618; x_wconf 81' lang='lat'><em>2,</em></span> <span class='ocrx_word' id='word_1_88' title='bbox 1818 1549 1984 1607; x_wconf 71' lang='lat' dir='ltr'><em>habet</em></span> <span class='ocrx_word' id='word_1_89' title='bbox 2018 1548 2188 1608; x_wconf 67' lang='lat' dir='ltr'><em>otton</em></span> <span class='ocrx_word' id='word_1_90' title='bbox 2218 1548 2313 1619; x_wconf 87' lang='grc' dir='ltr'><em>Π,</em></span> <span class='ocrx_word' id='word_1_91' title='bbox 2345 1551 2422 1608; x_wconf 86' lang='grc'><strong>13</strong></span> <span class='ocrx_word' id='word_1_92' title='bbox 2460 1549 2548 1624; x_wconf 77' lang='lat' dir='ltr'><em>(p.</em></span> <span class='ocrx_word' id='word_1_93' title='bbox 2589 1551 2737 1620; x_wconf 85' lang='lat'><strong>199,</strong></span> <span class='ocrx_word' id='word_1_94' title='bbox 2769 1550 2917 1622; x_wconf 78' lang='grc'><strong>18),-</strong></span> 
     </span>
    </p>

    <p class='ocr_par' dir='ltr' id='par_1_8' title="bbox 807 1631 2917 1874">
     <span class='ocr_line' id='line_1_12' title="bbox 807 1631 2917 1714; baseline -0 -16"><span class='ocrx_word' id='word_1_95' title='bbox 807 1640 972 1713; x_wconf 86' lang='lat' dir='ltr'><em>epist.</em></span> <span class='ocrx_word' id='word_1_96' title='bbox 1009 1639 1092 1696; x_wconf 84' lang='lat'><em>89</em></span> <span class='ocrx_word' id='word_1_97' title='bbox 1129 1639 1215 1712; x_wconf 86' lang='lat' dir='ltr'><em>(p.</em></span> <span class='ocrx_word' id='word_1_98' title='bbox 1253 1639 1404 1707; x_wconf 82' lang='lat'><strong>374,</strong></span> <span class='ocrx_word' id='word_1_99' title='bbox 1436 1639 1569 1704; x_wconf 86' lang='lat'>15).</span> <span class='ocrx_word' id='word_1_100' title='bbox 1619 1631 1970 1711; x_wconf 82' lang='lat' dir='ltr'><em>oraculo]</em></span> <span class='ocrx_word' id='word_1_101' title='bbox 2019 1638 2108 1696; x_wconf 88' lang='lat' dir='ltr'><em>ita</em></span> <span class='ocrx_word' id='word_1_102' title='bbox 2154 1643 2342 1697; x_wconf 82' lang='lat' dir='ltr'><em>textus</em></span> <span class='ocrx_word' id='word_1_103' title='bbox 2376 1639 2682 1714; x_wconf 80' lang='lat' dir='ltr'><em>privileqii</em></span> <span class='ocrx_word' id='word_1_104' title='bbox 2725 1639 2917 1713; x_wconf 76' lang='lat' dir='ltr'><em>qenui-</em></span> 
     </span>
     <span class='ocr_line' id='line_1_13' title="bbox 1083 1725 2916 1800; baseline 0.001 -16"><span class='ocrx_word' id='word_1_105' title='bbox 1083 1745 1225 1800; x_wconf 88' lang='lat' dir='ltr'><em>nus;</em></span> <span class='ocrx_word' id='word_1_106' title='bbox 1276 1728 1600 1785; x_wconf 86' lang='lat' dir='ltr'><em>oraculum</em></span> <span class='ocrx_word' id='word_1_107' title='bbox 1644 1726 1815 1785; x_wconf 80' lang='lat' dir='ltr'><em>Otloh</em></span> <span class='ocrx_word' id='word_1_108' title='bbox 1843 1725 1938 1796; x_wconf 90' lang='grc' dir='ltr'><strong>ΙΙ,</strong></span> <span class='ocrx_word' id='word_1_109' title='bbox 1978 1728 2057 1784; x_wconf 87' lang='grc'><strong>15</strong></span> <span class='ocrx_word' id='word_1_110' title='bbox 2108 1726 2193 1800; x_wconf 86' lang='lat' dir='ltr'><em>(p.</em></span> <span class='ocrx_word' id='word_1_111' title='bbox 2232 1729 2382 1797; x_wconf 91' lang='grc'><strong>201,</strong></span> <span class='ocrx_word' id='word_1_112' title='bbox 2411 1728 2479 1795; x_wconf 84' lang='lat'><em>5)</em></span> <span class='ocrx_word' id='word_1_113' title='bbox 2500 1750 2522 1800; x_wconf 89' lang='lat'><em>;</em></span> <span class='ocrx_word' id='word_1_114' title='bbox 2571 1730 2916 1786; x_wconf 76' lang='lat' dir='ltr'><em>auctoritas</em></span> 
     </span>
     <span class='ocr_line' id='line_1_14' title="bbox 1085 1816 1781 1874; baseline -0.003 0"><span class='ocrx_word' id='word_1_115' title='bbox 1085 1821 1273 1874; x_wconf 75' lang='lat' dir='ltr'><em>textus</em></span> <span class='ocrx_word' id='word_1_116' title='bbox 1317 1816 1673 1874; x_wconf 85' lang='lat' dir='ltr'><em>adulteratus</em></span> <span class='ocrx_word' id='word_1_117' title='bbox 1721 1817 1781 1873; x_wconf 92' lang='grc'><em>2.</em></span> 
     </span>
    </p>
   </div>
   <div class='ocr_carea' id='block_1_5' title="bbox 678 1914 3025 3688">
    <p class='ocr_par' dir='ltr' id='par_1_9' title="bbox 679 1914 3021 2710">
     <span class='ocr_line' id='line_1_15' title="bbox 692 1914 3019 1998; baseline -0.002 -14"><span class='ocrx_word' id='word_1_118' title='bbox 692 1919 874 1986; x_wconf 89' lang='lat' dir='ltr'><em>Unde</em></span> <span class='ocrx_word' id='word_1_119' title='bbox 919 1915 1127 1981; x_wconf 87' lang='lat' dir='ltr'><em>nescio</em></span> <span class='ocrx_word' id='word_1_120' title='bbox 1174 1937 1264 1980; x_wconf 92' lang='lat' dir='ltr'><em>an</em></span> <span class='ocrx_word' id='word_1_121' title='bbox 1309 1922 1582 1980; x_wconf 79' lang='lat' dir='ltr'><strong><em>statuere</em></strong></span> <span class='ocrx_word' id='word_1_122' title='bbox 1628 1914 1831 1995; x_wconf 85' lang='lat' dir='ltr'><em>liceat,</em></span> <span class='ocrx_word' id='word_1_123' title='bbox 1890 1915 2177 1980; x_wconf 77' lang='lat' dir='ltr'><em>Otlohum</em></span> <span class='ocrx_word' id='word_1_124' title='bbox 2222 1915 2295 1980; x_wconf 92' lang='lat' dir='ltr'><em>in</em></span> <span class='ocrx_word' id='word_1_125' title='bbox 2348 1915 2632 1998; x_wconf 75' lang='lat' dir='ltr'><em>epistulis</em></span> <span class='ocrx_word' id='word_1_126' title='bbox 2690 1915 2921 1980; x_wconf 79' lang='lat' dir='ltr'><em>exscri—</em></span> <span class='ocrx_word' id='word_1_127' title='bbox 2958 1939 3019 1980; x_wconf 69' lang='grc' dir='ltr'><em>ιε</em></span> 
     </span>
     <span class='ocr_line' id='line_1_16' title="bbox 679 2003 2921 2073; baseline -0.001 -1"><span class='ocrx_word' id='word_1_128' title='bbox 679 2005 900 2073; x_wconf 89' lang='lat' dir='ltr'><em>bendis</em></span> <span class='ocrx_word' id='word_1_129' title='bbox 944 2004 1214 2070; x_wconf 81' lang='lat' dir='ltr'><em>codicem</em></span> <span class='ocrx_word' id='word_1_130' title='bbox 1258 2003 1624 2069; x_wconf 79' lang='lat' dir='ltr'><em>adhibuisse</em></span> <span class='ocrx_word' id='word_1_131' title='bbox 1679 2003 2132 2069; x_wconf 77' lang='lat' dir='ltr'><em>Garlsruhensi</em></span> <span class='ocrx_word' id='word_1_132' title='bbox 2174 2004 2573 2069; x_wconf 88' lang='lat' dir='ltr'><em>simillimum</em></span> <span class='ocrx_word' id='word_1_133' title='bbox 2633 2007 2921 2069; x_wconf 82' lang='lat' dir='ltr'><em>eundem-</em></span> 
     </span>
     <span class='ocr_line' id='line_1_17' title="bbox 679 2093 2925 2178; baseline -0.001 -18"><span class='ocrx_word' id='word_1_134' title='bbox 679 2116 796 2178; x_wconf 85' lang='lat' dir='ltr'><em>que</em></span> <span class='ocrx_word' id='word_1_135' title='bbox 809 2145 828 2176; x_wconf 88' lang='lat'><strong><em>,</em></strong></span> <span class='ocrx_word' id='word_1_136' title='bbox 888 2116 921 2159; x_wconf 91' lang='lat' dir='ltr'><em>e</em></span> <span class='ocrx_word' id='word_1_137' title='bbox 979 2113 1100 2174; x_wconf 91' lang='lat' dir='ltr'><em>quo</em></span> <span class='ocrx_word' id='word_1_138' title='bbox 1161 2093 1450 2158; x_wconf 85' lang='lat' dir='ltr'><em>lectiones</em></span> <span class='ocrx_word' id='word_1_139' title='bbox 1507 2093 1821 2174; x_wconf 78' lang='lat' dir='ltr'><em>quaedam</em></span> <span class='ocrx_word' id='word_1_140' title='bbox 1878 2099 2063 2157; x_wconf 87' lang='lat' dir='ltr'><em>notae</em></span> <span class='ocrx_word' id='word_1_141' title='bbox 2121 2093 2454 2159; x_wconf 84' lang='lat' dir='ltr'><em>deterioris</em></span> <span class='ocrx_word' id='word_1_142' title='bbox 2498 2093 2647 2158; x_wconf 79' lang='lat' dir='ltr'><em>huic</em></span> <span class='ocrx_word' id='word_1_143' title='bbox 2690 2100 2925 2177; x_wconf 79' lang='lat' dir='ltr'><em>postea</em></span> 
     </span>
     <span class='ocr_line' id='line_1_18' title="bbox 681 2181 2927 2264; baseline -0.001 -15"><span class='ocrx_word' id='word_1_144' title='bbox 681 2185 902 2249; x_wconf 86' lang='lat' dir='ltr'><em>illatae</em></span> <span class='ocrx_word' id='word_1_145' title='bbox 947 2189 1166 2263; x_wconf 77' lang='lat' dir='ltr'><em>essent,</em></span> <span class='ocrx_word' id='word_1_146' title='bbox 1215 2188 1398 2263; x_wconf 88' lang='lat' dir='ltr'><em>atque</em></span> <span class='ocrx_word' id='word_1_147' title='bbox 1442 2181 1576 2245; x_wconf 88' lang='lat' dir='ltr'><em>iam</em></span> <span class='ocrx_word' id='word_1_148' title='bbox 1624 2181 1746 2246; x_wconf 74' lang='lat' dir='ltr'><em>Ph.</em></span> <span class='ocrx_word' id='word_1_149' title='bbox 1782 2182 1842 2246; x_wconf 88' lang='lat' dir='ltr'><em>J</em></span> <span class='ocrx_word' id='word_1_150' title='bbox 1835 2181 1965 2260; x_wconf 85' lang='lat' dir='ltr'><em>affe&#39;</em></span> <span class='ocrx_word' id='word_1_151' title='bbox 1985 2183 2008 2220; x_wconf 85' lang='lat'>¹</span> <span class='ocrx_word' id='word_1_152' title='bbox 2054 2181 2422 2263; x_wconf 85' lang='lat' dir='ltr'><em>coniecerat,</em></span> <span class='ocrx_word' id='word_1_153' title='bbox 2468 2182 2680 2264; x_wconf 84' lang='lat' dir='ltr'><em>ipsum</em></span> <span class='ocrx_word' id='word_1_154' title='bbox 2716 2182 2927 2262; x_wconf 85' lang='lat' dir='ltr'><em>fuisse</em></span> 
     </span>
     <span class='ocr_line' id='line_1_19' title="bbox 681 2270 2924 2353; baseline -0.001 -15"><span class='ocrx_word' id='word_1_155' title='bbox 681 2272 951 2339; x_wconf 79' lang='lat' dir='ltr'><em>codicem</em></span> <span class='ocrx_word' id='word_1_156' title='bbox 1019 2271 1434 2353; x_wconf 75' lang='lat' dir='ltr'><em>epistularum</em></span> <span class='ocrx_word' id='word_1_157' title='bbox 1495 2270 1879 2335; x_wconf 85' lang='lat' dir='ltr'><em>Fuldensem</em></span> <span class='ocrx_word' id='word_1_158' title='bbox 1900 2272 1923 2309; x_wconf 83' lang='lat'><strong>²</strong></span> <span class='ocrx_word' id='word_1_159' title='bbox 1982 2291 2153 2335; x_wconf 90' lang='lat' dir='ltr'><em>nunc</em></span> <span class='ocrx_word' id='word_1_160' title='bbox 2212 2271 2603 2352; x_wconf 86' lang='lat' dir='ltr'><em>deperditum</em></span> <span class='ocrx_word' id='word_1_161' title='bbox 2617 2323 2633 2352; x_wconf 88' lang='lat'><strong><em>,</em></strong></span> <span class='ocrx_word' id='word_1_162' title='bbox 2704 2271 2819 2352; x_wconf 90' lang='lat' dir='ltr'><em>qui</em></span> <span class='ocrx_word' id='word_1_163' title='bbox 2878 2293 2924 2334; x_wconf 88' lang='lat' dir='ltr'><em>a</em></span> 
     </span>
     <span class='ocr_line' id='line_1_20' title="bbox 683 2359 3021 2442; baseline -0.001 -16"><span class='ocrx_word' id='word_1_164' title='bbox 683 2360 916 2427; x_wconf 86' lang='lat' dir='ltr'><em>Flacio</em></span> <span class='ocrx_word' id='word_1_165' title='bbox 946 2359 1213 2442; x_wconf 74' lang='lat' dir='ltr'><em>Illyrico</em></span> <span class='ocrx_word' id='word_1_166' title='bbox 1259 2361 1336 2424; x_wconf 88' lang='lat' dir='ltr'><em>de</em></span> <span class='ocrx_word' id='word_1_167' title='bbox 1379 2359 1762 2423; x_wconf 90' lang='lat' dir='ltr'><em>monasterio</em></span> <span class='ocrx_word' id='word_1_168' title='bbox 1805 2380 1966 2424; x_wconf 88' lang='lat' dir='ltr'><em>saec.</em></span> <span class='ocrx_word' id='word_1_169' title='bbox 2005 2359 2079 2422; x_wconf 92' lang='lat' dir='ltr'><strong><em>X</em></strong></span> <span class='ocrx_word' id='word_1_170' title='bbox 2092 2359 2210 2424; x_wconf 89' lang='lat' dir='ltr'><em>VI.</em></span> <span class='ocrx_word' id='word_1_171' title='bbox 2254 2361 2505 2425; x_wconf 89' lang='lat' dir='ltr'><em>ablatus</em></span> <span class='ocrx_word' id='word_1_172' title='bbox 2534 2366 2624 2424; x_wconf 91' lang='lat' dir='ltr'><em>est</em></span> <span class='ocrx_word' id='word_1_173' title='bbox 2656 2359 2925 2425; x_wconf 82' lang='lat' dir='ltr'><em>Serario</em></span> <span class='ocrx_word' id='word_1_174' title='bbox 2960 2386 3021 2424; x_wconf 79' lang='lat'><em>20</em></span> 
     </span>
     <span class='ocr_line' id='line_1_21' title="bbox 683 2448 2926 2530; baseline -0.002 -14"><span class='ocrx_word' id='word_1_175' title='bbox 683 2457 829 2516; x_wconf 87' lang='lat' dir='ltr'><em>teste</em></span> <span class='ocrx_word' id='word_1_176' title='bbox 847 2450 892 2512; x_wconf 78' lang='lat'><em>3.</em></span> <span class='ocrx_word' id='word_1_177' title='bbox 993 2450 1166 2530; x_wconf 78' lang='lat' dir='ltr'><em>Quae</em></span> <span class='ocrx_word' id='word_1_178' title='bbox 1211 2450 1771 2530; x_wconf 78' lang='lat' dir='ltr'><em>quomodocumque</em></span> <span class='ocrx_word' id='word_1_179' title='bbox 1816 2469 1881 2512; x_wconf 91' lang='lat' dir='ltr'><em>se</em></span> <span class='ocrx_word' id='word_1_180' title='bbox 1926 2449 2172 2530; x_wconf 77' lang='lat' dir='ltr'><em>habent,</em></span> <span class='ocrx_word' id='word_1_181' title='bbox 2222 2454 2382 2514; x_wconf 81' lang='lat' dir='ltr'><em>certe</em></span> <span class='ocrx_word' id='word_1_182' title='bbox 2436 2448 2645 2514; x_wconf 79' lang='lat' dir='ltr'><em>Otlohi</em></span> <span class='ocrx_word' id='word_1_183' title='bbox 2689 2455 2926 2514; x_wconf 69' lang='lat' dir='ltr'><em>temtum</em></span> 
     </span>
     <span class='ocr_line' id='line_1_22' title="bbox 683 2535 2925 2621; baseline -0.001 -16"><span class='ocrx_word' id='word_1_184' title='bbox 683 2539 866 2621; x_wconf 80' lang='lat' dir='ltr'><em>foliis</em></span> <span class='ocrx_word' id='word_1_185' title='bbox 951 2537 1184 2602; x_wconf 90' lang='lat' dir='ltr'><em>codicis</em></span> <span class='ocrx_word' id='word_1_186' title='bbox 1275 2535 1760 2602; x_wconf 79' lang='lat' dir='ltr'><em>Garlsruhensis</em></span> <span class='ocrx_word' id='word_1_187' title='bbox 1848 2537 2283 2616; x_wconf 74' lang='lat' dir='ltr'><em>deficientibus</em></span> <span class='ocrx_word' id='word_1_188' title='bbox 2370 2537 2669 2603; x_wconf 77' lang='lat' dir='ltr'><em>adhibere</em></span> <span class='ocrx_word' id='word_1_189' title='bbox 2762 2537 2925 2618; x_wconf 80' lang='lat' dir='ltr'><em>licet,</em></span> 
     </span>
     <span class='ocr_line' id='line_1_23' title="bbox 683 2624 2150 2710; baseline -0.003 -16"><span class='ocrx_word' id='word_1_190' title='bbox 683 2648 936 2710; x_wconf 87' lang='lat' dir='ltr'><em>unaque</em></span> <span class='ocrx_word' id='word_1_191' title='bbox 981 2626 1250 2708; x_wconf 81' lang='lat' dir='ltr'><em>epistula</em></span> <span class='ocrx_word' id='word_1_192' title='bbox 1297 2624 1394 2706; x_wconf 92' lang='lat' dir='ltr'><em>(n.</em></span> <span class='ocrx_word' id='word_1_193' title='bbox 1444 2625 1563 2707; x_wconf 84' lang='grc'><em>20)</em></span> <span class='ocrx_word' id='word_1_194' title='bbox 1611 2625 1671 2690; x_wconf 90' lang='lat' dir='ltr'><em>ei</em></span> <span class='ocrx_word' id='word_1_195' title='bbox 1715 2625 1835 2690; x_wconf 90' lang='lat' dir='ltr'><em>soli</em></span> <span class='ocrx_word' id='word_1_196' title='bbox 1880 2627 2150 2691; x_wconf 89' lang='lat' dir='ltr'><em>debetur.</em></span> 
     </span>
    </p>

    <p class='ocr_par' dir='ltr' id='par_1_10' title="bbox 678 2713 3025 3688">
     <span class='ocr_line' id='line_1_24' title="bbox 899 2713 2929 2798; baseline -0.001 -16"><span class='ocrx_word' id='word_1_197' title='bbox 899 2716 1236 2782; x_wconf 86' lang='lat' dir='ltr'><em>Laudator</em></span> <span class='ocrx_word' id='word_1_198' title='bbox 1279 2714 1576 2796; x_wconf 86' lang='lat' dir='ltr'><em>temporis</em></span> <span class='ocrx_word' id='word_1_199' title='bbox 1621 2713 1750 2780; x_wconf 91' lang='lat' dir='ltr'><em>acti</em></span> <span class='ocrx_word' id='word_1_200' title='bbox 1796 2735 2093 2796; x_wconf 74' lang='lat' dir='ltr'><em>proceres</em></span> <span class='ocrx_word' id='word_1_201' title='bbox 2137 2715 2572 2798; x_wconf 76' lang='lat' dir='ltr'><em>episcoposque</em></span> <span class='ocrx_word' id='word_1_202' title='bbox 2631 2715 2929 2796; x_wconf 84' lang='lat' dir='ltr'><em>aequales</em></span> 
     </span>
     <span class='ocr_line' id='line_1_25' title="bbox 686 2802 3023 2886; baseline -0.002 -13"><span class='ocrx_word' id='word_1_203' title='bbox 686 2813 906 2873; x_wconf 86' lang='lat' dir='ltr'><em>auctor</em></span> <span class='ocrx_word' id='word_1_204' title='bbox 971 2803 1226 2884; x_wconf 83' lang='lat' dir='ltr'><em>fortiter</em></span> <span class='ocrx_word' id='word_1_205' title='bbox 1278 2803 1521 2886; x_wconf 86' lang='lat' dir='ltr'><em>petivit,</em></span> <span class='ocrx_word' id='word_1_206' title='bbox 1594 2802 1707 2884; x_wconf 90' lang='lat' dir='ltr'><em>qui</em></span> <span class='ocrx_word' id='word_1_207' title='bbox 1773 2803 2050 2868; x_wconf 88' lang='lat' dir='ltr'><em>decimas</em></span> <span class='ocrx_word' id='word_1_208' title='bbox 2114 2804 2441 2869; x_wconf 77' lang='lat' dir='ltr'><em>monachis</em></span> <span class='ocrx_word' id='word_1_209' title='bbox 2508 2810 2733 2886; x_wconf 84' lang='lat' dir='ltr'><em>raptas</em></span> <span class='ocrx_word' id='word_1_210' title='bbox 2800 2803 2929 2868; x_wconf 88' lang='lat' dir='ltr'><em>sibi</em></span> <span class='ocrx_word' id='word_1_211' title='bbox 2966 2830 3023 2869; x_wconf 56' lang='grc' dir='ltr'><em>τε</em></span> 
     </span>
     <span class='ocr_line' id='line_1_26' title="bbox 687 2891 2928 2975; baseline -0.001 -15"><span class='ocrx_word' id='word_1_212' title='bbox 687 2895 1090 2960; x_wconf 83' lang='lat' dir='ltr'><em>vindicarent</em></span> <span class='ocrx_word' id='word_1_213' title='bbox 1147 2891 1562 2974; x_wconf 90' lang='lat' dir='ltr'><em>coenobiaque</em></span> <span class='ocrx_word' id='word_1_214' title='bbox 1622 2893 2028 2973; x_wconf 82' lang='lat' dir='ltr'><em>destruerent,</em></span> <span class='ocrx_word' id='word_1_215' title='bbox 2089 2892 2293 2975; x_wconf 88' lang='lat' dir='ltr'><em>iisque</em></span> <span class='ocrx_word' id='word_1_216' title='bbox 2340 2893 2643 2974; x_wconf 87' lang='lat' dir='ltr'><em>pietatem</em></span> <span class='ocrx_word' id='word_1_217' title='bbox 2710 2892 2928 2958; x_wconf 77' lang='lat' dir='ltr'><em>Carlo-</em></span> 
     </span>
     <span class='ocr_line' id='line_1_27' title="bbox 687 2980 2929 3063; baseline -0.001 -15"><span class='ocrx_word' id='word_1_218' title='bbox 687 2983 916 3048; x_wconf 90' lang='lat' dir='ltr'><em>manni</em></span> <span class='ocrx_word' id='word_1_219' title='bbox 991 2988 1050 3046; x_wconf 90' lang='lat' dir='ltr'><em>et</em></span> <span class='ocrx_word' id='word_1_220' title='bbox 1132 2980 1351 3046; x_wconf 81' lang='lat' dir='ltr'><em>Caroli</em></span> <span class='ocrx_word' id='word_1_221' title='bbox 1419 2981 1521 3045; x_wconf 87' lang='lat' dir='ltr'><em>M.</em></span> <span class='ocrx_word' id='word_1_222' title='bbox 1603 2981 1914 3063; x_wconf 58' lang='lat' dir='ltr'><em>omo-suit,</em></span> <span class='ocrx_word' id='word_1_223' title='bbox 1994 2981 2106 3062; x_wconf 90' lang='lat' dir='ltr'><em>qui</em></span> <span class='ocrx_word' id='word_1_224' title='bbox 2180 3003 2213 3046; x_wconf 89' lang='lat' dir='ltr'><em>e</em></span> <span class='ocrx_word' id='word_1_225' title='bbox 2288 2981 2609 3046; x_wconf 87' lang='lat' dir='ltr'><em>contrario</em></span> <span class='ocrx_word' id='word_1_226' title='bbox 2685 2981 2929 3061; x_wconf 86' lang='lat' dir='ltr'><em>fratres</em></span> 
     </span>
     <span class='ocr_line' id='line_1_28' title="bbox 678 3069 2931 3155; baseline -0.001 -18"><span class='ocrx_word' id='word_1_227' title='bbox 678 3069 1182 3155; x_wconf 86' lang='lat' dir='ltr'><em>possessionibus</em></span> <span class='ocrx_word' id='word_1_228' title='bbox 1279 3069 1655 3151; x_wconf 87' lang='lat' dir='ltr'><em>decimisque</em></span> <span class='ocrx_word' id='word_1_229' title='bbox 1751 3070 2058 3134; x_wconf 85' lang='lat' dir='ltr'><em>ditassent</em></span> <span class='ocrx_word' id='word_1_230' title='bbox 2145 3076 2204 3136; x_wconf 90' lang='lat' dir='ltr'><em>et</em></span> <span class='ocrx_word' id='word_1_231' title='bbox 2288 3069 2681 3136; x_wconf 90' lang='lat' dir='ltr'><em>monasteria</em></span> <span class='ocrx_word' id='word_1_232' title='bbox 2756 3076 2931 3152; x_wconf 90' lang='lat' dir='ltr'><em>pote-</em></span> 
     </span>
     <span class='ocr_line' id='line_1_29' title="bbox 689 3157 2932 3241; baseline -0.001 -15"><span class='ocrx_word' id='word_1_233' title='bbox 689 3167 846 3226; x_wconf 88' lang='lat' dir='ltr'><em>state</em></span> <span class='ocrx_word' id='word_1_234' title='bbox 913 3159 1339 3241; x_wconf 86' lang='lat' dir='ltr'><em>episcoporum</em></span> <span class='ocrx_word' id='word_1_235' title='bbox 1414 3157 1925 3223; x_wconf 83' lang='lat' dir='ltr'><em>dioecesanorum</em></span> <span class='ocrx_word' id='word_1_236' title='bbox 1996 3159 2392 3241; x_wconf 83' lang='lat' dir='ltr'><em>liberassent,</em></span> <span class='ocrx_word' id='word_1_237' title='bbox 2470 3179 2736 3240; x_wconf 90' lang='lat' dir='ltr'><em>quorum</em></span> <span class='ocrx_word' id='word_1_238' title='bbox 2803 3180 2932 3224; x_wconf 86' lang='lat' dir='ltr'><em>coe-</em></span> 
     </span>
     <span class='ocr_line' id='line_1_30' title="bbox 690 3246 3025 3329; baseline -0.001 -13"><span class='ocrx_word' id='word_1_239' title='bbox 690 3249 884 3316; x_wconf 91' lang='lat' dir='ltr'><em>nobia</em></span> <span class='ocrx_word' id='word_1_240' title='bbox 949 3248 1085 3314; x_wconf 89' lang='lat' dir='ltr'><em>iam</em></span> <span class='ocrx_word' id='word_1_241' title='bbox 1151 3246 1435 3312; x_wconf 76' lang='lat' dir='ltr'><em>maxima</em></span> <span class='ocrx_word' id='word_1_242' title='bbox 1502 3267 1580 3311; x_wconf 78' lang='lat' dir='ltr'><em>ex</em></span> <span class='ocrx_word' id='word_1_243' title='bbox 1635 3253 1823 3329; x_wconf 84' lang='lat' dir='ltr'><em>parte</em></span> <span class='ocrx_word' id='word_1_244' title='bbox 1887 3249 2203 3314; x_wconf 82' lang='lat' dir='ltr'><em>destructa</em></span> <span class='ocrx_word' id='word_1_245' title='bbox 2260 3255 2464 3314; x_wconf 86' lang='lat' dir='ltr'><em>essent</em></span> <span class='ocrx_word' id='word_1_246' title='bbox 2477 3251 2522 3310; x_wconf 76' lang='lat'><em>4.</em></span> <span class='ocrx_word' id='word_1_247' title='bbox 2626 3247 2931 3329; x_wconf 78' lang='lat' dir='ltr'><em>Exempli</em></span> <span class='ocrx_word' id='word_1_248' title='bbox 2966 3275 3025 3314; x_wconf 71' lang='lat'><em>⁸0</em></span> 
     </span>
     <span class='ocr_line' id='line_1_31' title="bbox 691 3335 2927 3419; baseline -0.002 -13"><span class='ocrx_word' id='word_1_249' title='bbox 691 3360 888 3406; x_wconf 87' lang='lat' dir='ltr'><em>causa</em></span> <span class='ocrx_word' id='word_1_250' title='bbox 975 3335 1426 3402; x_wconf 89' lang='lat' dir='ltr'><em>monasterium</em></span> <span class='ocrx_word' id='word_1_251' title='bbox 1511 3336 1578 3401; x_wconf 84' lang='lat' dir='ltr'><em>S.</em></span> <span class='ocrx_word' id='word_1_252' title='bbox 1656 3337 2116 3401; x_wconf 81' lang='lat' dir='ltr'><em>Emmerammi</em></span> <span class='ocrx_word' id='word_1_253' title='bbox 2205 3337 2446 3419; x_wconf 82' lang='lat' dir='ltr'><em>attulit,</em></span> <span class='ocrx_word' id='word_1_254' title='bbox 2539 3337 2726 3419; x_wconf 89' lang='lat' dir='ltr'><em>quasi</em></span> <span class='ocrx_word' id='word_1_255' title='bbox 2811 3336 2927 3402; x_wconf 83' lang='lat' dir='ltr'><em>Ga-</em></span> 
     </span>
     <span class='ocr_line' id='line_1_32' title="bbox 691 3424 2926 3508; baseline -0.002 -15"><span class='ocrx_word' id='word_1_256' title='bbox 691 3429 865 3493; x_wconf 91' lang='lat' dir='ltr'><em>rolus</em></span> <span class='ocrx_word' id='word_1_257' title='bbox 911 3426 1013 3491; x_wconf 86' lang='lat' dir='ltr'><em>M.</em></span> <span class='ocrx_word' id='word_1_258' title='bbox 1076 3425 1422 3490; x_wconf 88' lang='lat' dir='ltr'><em>libertatem</em></span> <span class='ocrx_word' id='word_1_259' title='bbox 1480 3424 1540 3489; x_wconf 90' lang='lat' dir='ltr'><em>ei</em></span> <span class='ocrx_word' id='word_1_260' title='bbox 1601 3425 2014 3506; x_wconf 88' lang='lat' dir='ltr'><em>concessisset,</em></span> <span class='ocrx_word' id='word_1_261' title='bbox 2076 3425 2150 3489; x_wconf 91' lang='lat' dir='ltr'><em>id</em></span> <span class='ocrx_word' id='word_1_262' title='bbox 2200 3428 2368 3507; x_wconf 88' lang='lat' dir='ltr'><em>quod</em></span> <span class='ocrx_word' id='word_1_263' title='bbox 2415 3425 2621 3508; x_wconf 85' lang='lat' dir='ltr'><em>ipsius</em></span> <span class='ocrx_word' id='word_1_264' title='bbox 2680 3427 2926 3490; x_wconf 90' lang='lat' dir='ltr'><em>demum</em></span> 
     </span>
     <span class='ocr_line' id='line_1_33' title="bbox 693 3513 2930 3596; baseline -0.002 -13"><span class='ocrx_word' id='word_1_265' title='bbox 693 3538 843 3583; x_wconf 87' lang='lat' dir='ltr'><em>aevo</em></span> <span class='ocrx_word' id='word_1_266' title='bbox 904 3517 1236 3595; x_wconf 77' lang='lat' dir='ltr'><em>confictum</em></span> <span class='ocrx_word' id='word_1_267' title='bbox 1297 3520 1388 3579; x_wconf 92' lang='lat' dir='ltr'><em>est</em></span> <span class='ocrx_word' id='word_1_268' title='bbox 1404 3515 1445 3595; x_wconf 83' lang='lat'><em>⁵,</em></span> <span class='ocrx_word' id='word_1_269' title='bbox 1509 3520 1693 3596; x_wconf 90' lang='lat' dir='ltr'><em>atque</em></span> <span class='ocrx_word' id='word_1_270' title='bbox 1752 3513 2099 3596; x_wconf 86' lang='lat' dir='ltr'><em>disputatio</em></span> <span class='ocrx_word' id='word_1_271' title='bbox 2158 3515 2234 3579; x_wconf 90' lang='lat' dir='ltr'><em>de</em></span> <span class='ocrx_word' id='word_1_272' title='bbox 2292 3514 2553 3580; x_wconf 87' lang='lat' dir='ltr'><em>decimis</em></span> <span class='ocrx_word' id='word_1_273' title='bbox 2611 3515 2699 3578; x_wconf 87' lang='lat' dir='ltr'><em>ad</em></span> <span class='ocrx_word' id='word_1_274' title='bbox 2756 3513 2930 3579; x_wconf 90' lang='lat' dir='ltr'><em>litem</em></span> 
     </span>
     <span class='ocr_line' id='line_1_34' title="bbox 691 3603 2933 3688; baseline -0.001 -18"><span class='ocrx_word' id='word_1_275' title='bbox 691 3611 942 3688; x_wconf 87' lang='lat' dir='ltr'><em>spectat,</em></span> <span class='ocrx_word' id='word_1_276' title='bbox 1002 3625 1162 3687; x_wconf 92' lang='lat' dir='ltr'><em>quae</em></span> <span class='ocrx_word' id='word_1_277' title='bbox 1205 3603 1374 3667; x_wconf 89' lang='lat' dir='ltr'><em>inter</em></span> <span class='ocrx_word' id='word_1_278' title='bbox 1436 3604 1691 3668; x_wconf 91' lang='lat' dir='ltr'><em>abbates</em></span> <span class='ocrx_word' id='word_1_279' title='bbox 1750 3603 2133 3669; x_wconf 87' lang='lat' dir='ltr'><em>Fuldensem</em></span> <span class='ocrx_word' id='word_1_280' title='bbox 2177 3603 2814 3685; x_wconf 85' lang='lat' dir='ltr'><em>Hersfeldensemque</em></span> <span class='ocrx_word' id='word_1_281' title='bbox 2873 3609 2933 3667; x_wconf 88' lang='lat' dir='ltr'><em>et</em></span> 
     </span>
    </p>
   </div>
   <div class='ocr_carea' id='block_1_6' title="bbox 694 3812 3024 4522">
    <p class='ocr_par' dir='ltr' id='par_1_11' title="bbox 694 3812 3024 4522">
     <span class='ocr_line' id='line_1_35' title="bbox 698 3812 3024 3883; baseline -0.003 -13"><span class='ocrx_word' id='word_1_282' title='bbox 698 3813 750 3883; x_wconf 82' lang='lat'><em>1)</em></span> <span class='ocrx_word' id='word_1_283' title='bbox 789 3815 855 3865; x_wconf 86' lang='lat' dir='ltr'><em>L.</em></span> <span class='ocrx_word' id='word_1_284' title='bbox 882 3813 917 3867; x_wconf 82' lang='lat' dir='ltr'><em>l.</em></span> <span class='ocrx_word' id='word_1_285' title='bbox 946 3830 1008 3880; x_wconf 87' lang='lat' dir='ltr'><em>p.</em></span> <span class='ocrx_word' id='word_1_286' title='bbox 1035 3816 1119 3878; x_wconf 82' lang='lat'><em>13,</em></span> <span class='ocrx_word' id='word_1_287' title='bbox 1158 3829 1212 3866; x_wconf 83' lang='lat' dir='ltr'><em>n.</em></span> <span class='ocrx_word' id='word_1_288' title='bbox 1239 3816 1288 3867; x_wconf 86' lang='lat'><em>5.</em></span> <span class='ocrx_word' id='word_1_289' title='bbox 1415 3814 1472 3879; x_wconf 90' lang='grc'><em>2)</em></span> <span class='ocrx_word' id='word_1_290' title='bbox 1503 3813 1759 3864; x_wconf 81' lang='lat' dir='ltr'><em>Fortasse</em></span> <span class='ocrx_word' id='word_1_291' title='bbox 1794 3815 1953 3864; x_wconf 80' lang='lat' dir='ltr'><em>etiam</em></span> <span class='ocrx_word' id='word_1_292' title='bbox 1990 3813 2151 3865; x_wconf 82' lang='lat' dir='ltr'><em>codex</em></span> <span class='ocrx_word' id='word_1_293' title='bbox 2176 3812 2586 3866; x_wconf 74' lang='lat' dir='ltr'><em>Carlsruhensis</em></span> <span class='ocrx_word' id='word_1_294' title='bbox 2618 3829 2645 3866; x_wconf 87' lang='lat' dir='ltr'><em>e</em></span> <span class='ocrx_word' id='word_1_295' title='bbox 2667 3813 2932 3865; x_wconf 79' lang='lat' dir='ltr'><em>Fuldensi</em></span> <span class='ocrx_word' id='word_1_296' title='bbox 2970 3823 3024 3862; x_wconf 66' lang='grc' dir='ltr'><strong><em>ω</em></strong></span> 
     </span>
     <span class='ocr_line' id='line_1_36' title="bbox 695 3883 2929 3950; baseline -0.001 -12"><span class='ocrx_word' id='word_1_297' title='bbox 695 3886 1017 3938; x_wconf 75' lang='lat' dir='ltr'><em>monasterio</em></span> <span class='ocrx_word' id='word_1_298' title='bbox 1049 3887 1309 3949; x_wconf 73' lang='lat' dir='ltr'><em>oriqinem</em></span> <span class='ocrx_word' id='word_1_299' title='bbox 1331 3883 1583 3950; x_wconf 77' lang='lat' dir='ltr'><em>duxerat,</em></span> <span class='ocrx_word' id='word_1_300' title='bbox 1620 3885 1678 3934; x_wconf 81' lang='lat' dir='ltr'><em>id</em></span> <span class='ocrx_word' id='word_1_301' title='bbox 1700 3885 1843 3950; x_wconf 87' lang='lat' dir='ltr'><em>quod</em></span> <span class='ocrx_word' id='word_1_302' title='bbox 1865 3885 1931 3938; x_wconf 82' lang='lat' dir='ltr'><em>A.</em></span> <span class='ocrx_word' id='word_1_303' title='bbox 1955 3885 2303 3950; x_wconf 70' lang='lat' dir='ltr'><em>Nurnberyer</em></span> <span class='ocrx_word' id='word_1_304' title='bbox 2327 3888 2543 3937; x_wconf 76' lang='lat' dir='ltr'><em>coniecit</em></span> <span class='ocrx_word' id='word_1_305' title='bbox 2564 3885 2727 3950; x_wconf 88' lang='lat' dir='ltr'><em>(‘Zur</em></span> <span class='ocrx_word' id='word_1_306' title='bbox 2751 3885 2929 3935; x_wconf 81' lang='lat' dir='ltr'><em>hand-</em></span> 
     </span>
     <span class='ocr_line' id='line_1_37' title="bbox 694 3954 2929 4022; baseline -0.001 -13"><span class='ocrx_word' id='word_1_307' title='bbox 694 3955 1063 4020; x_wconf 75' lang='lat' dir='ltr'><em>schriftlichen</em></span> <span class='ocrx_word' id='word_1_308' title='bbox 1103 3954 1535 4021; x_wconf 75' lang='lat' dir='ltr'><em>Ueberlieferuny</em></span> <span class='ocrx_word' id='word_1_309' title='bbox 1570 3957 1669 4006; x_wconf 79' lang='lat' dir='ltr'><em>der</em></span> <span class='ocrx_word' id='word_1_310' title='bbox 1705 3955 1896 4007; x_wconf 82' lang='lat' dir='ltr'><em>Werlce</em></span> <span class='ocrx_word' id='word_1_311' title='bbox 1931 3956 2021 4006; x_wconf 84' lang='lat' dir='ltr'><em>des</em></span> <span class='ocrx_word' id='word_1_312' title='bbox 2070 3955 2191 4009; x_wconf 77' lang='lat' dir='ltr'><em>heil.</em></span> <span class='ocrx_word' id='word_1_313' title='bbox 2230 3955 2565 4021; x_wconf 75' lang='lat' dir='ltr'><em>Bonifatius,</em></span> <span class='ocrx_word' id='word_1_314' title='bbox 2604 3955 2929 4022; x_wconf 63' lang='lat' dir='ltr'><em>Royramm</em></span> 
     </span>
     <span class='ocr_line' id='line_1_38' title="bbox 695 4025 2927 4092; baseline 0 -11"><span class='ocrx_word' id='word_1_315' title='bbox 695 4030 786 4081; x_wconf 84' lang='lat' dir='ltr'><em>des</em></span> <span class='ocrx_word' id='word_1_316' title='bbox 825 4027 1207 4092; x_wconf 74' lang='lat' dir='ltr'><em>Gymnasium</em></span> <span class='ocrx_word' id='word_1_317' title='bbox 1241 4041 1313 4075; x_wconf 78' lang='lat' dir='ltr'><em>zu</em></span> <span class='ocrx_word' id='word_1_318' title='bbox 1348 4025 1557 4078; x_wconf 80' lang='lat' dir='ltr'><em>Neisse&#39;</em></span> <span class='ocrx_word' id='word_1_319' title='bbox 1599 4027 1754 4092; x_wconf 83' lang='lat'>1883,</span> <span class='ocrx_word' id='word_1_320' title='bbox 1802 4044 1855 4092; x_wconf 85' lang='lat' dir='ltr'><em>p.</em></span> <span class='ocrx_word' id='word_1_321' title='bbox 1895 4026 2026 4091; x_wconf 87' lang='lat' dir='ltr'><em>IX),</em></span> <span class='ocrx_word' id='word_1_322' title='bbox 2075 4032 2125 4077; x_wconf 78' lang='lat' dir='ltr'><em>et</em></span> <span class='ocrx_word' id='word_1_323' title='bbox 2172 4029 2284 4092; x_wconf 74' lang='lat' dir='ltr'><em>ipsi</em></span> <span class='ocrx_word' id='word_1_324' title='bbox 2320 4025 2502 4078; x_wconf 80' lang='lat' dir='ltr'><em>Otloho</em></span> <span class='ocrx_word' id='word_1_325' title='bbox 2538 4032 2695 4079; x_wconf 79' lang='lat' dir='ltr'><em>notus</em></span> <span class='ocrx_word' id='word_1_326' title='bbox 2730 4029 2927 4092; x_wconf 60' lang='lat' dir='ltr'><em>fuerat.</em></span> 
     </span>
     <span class='ocr_line' id='line_1_39' title="bbox 696 4096 2933 4164; baseline 0.001 -13"><span class='ocrx_word' id='word_1_327' title='bbox 696 4099 859 4151; x_wconf 77' lang='lat' dir='ltr'><em>Liber</em></span> <span class='ocrx_word' id='word_1_328' title='bbox 905 4099 1046 4150; x_wconf 79' lang='lat' dir='ltr'><em>enim</em></span> <span class='ocrx_word' id='word_1_329' title='bbox 1091 4111 1222 4149; x_wconf 83' lang='lat' dir='ltr'><em>saec.</em></span> <span class='ocrx_word' id='word_1_330' title='bbox 1261 4096 1364 4150; x_wconf 91' lang='lat' dir='ltr'><em>XI.</em></span> <span class='ocrx_word' id='word_1_331' title='bbox 1401 4113 1483 4150; x_wconf 75' lang='lat' dir='ltr'><em>ex.</em></span> <span class='ocrx_word' id='word_1_332' title='bbox 1535 4099 1847 4148; x_wconf 75' lang='lat' dir='ltr'><em>monasterii</em></span> <span class='ocrx_word' id='word_1_333' title='bbox 1884 4096 2297 4164; x_wconf 72' lang='lat' dir='ltr'><em>Hirsauqiensis</em></span> <span class='ocrx_word' id='word_1_334' title='bbox 2342 4103 2461 4150; x_wconf 81' lang='lat' dir='ltr'><em>erat</em></span> <span class='ocrx_word' id='word_1_335' title='bbox 2508 4097 2692 4163; x_wconf 68' lang='lat' dir='ltr'><em>(Jaffe‘</em></span> <span class='ocrx_word' id='word_1_336' title='bbox 2727 4114 2787 4164; x_wconf 82' lang='lat' dir='ltr'><em>p.</em></span> <span class='ocrx_word' id='word_1_337' title='bbox 2829 4099 2933 4159; x_wconf 88' lang='lat'><strong>10,-</strong></span> 
     </span>
     <span class='ocr_line' id='line_1_40' title="bbox 696 4168 3024 4234; baseline -0.002 -12"><span class='ocrx_word' id='word_1_338' title='bbox 696 4171 980 4222; x_wconf 72' lang='lat' dir='ltr'><em>szmmler</em></span> <span class='ocrx_word' id='word_1_339' title='bbox 1032 4185 1092 4234; x_wconf 84' lang='lat' dir='ltr'><em>p.</em></span> <span class='ocrx_word' id='word_1_340' title='bbox 1146 4168 1309 4232; x_wconf 89' lang='grc'><strong>218),</strong></span> <span class='ocrx_word' id='word_1_341' title='bbox 1375 4169 1531 4219; x_wconf 80' lang='lat' dir='ltr'><em>cuius</em></span> <span class='ocrx_word' id='word_1_342' title='bbox 1594 4168 1758 4219; x_wconf 85' lang='lat' dir='ltr'><em>abbas</em></span> <span class='ocrx_word' id='word_1_343' title='bbox 1817 4168 2133 4220; x_wconf 82' lang='lat' dir='ltr'><em>Wilhelmus</em></span> <span class='ocrx_word' id='word_1_344' title='bbox 2190 4171 2553 4234; x_wconf 84' lang='grc'><strong>(1069-91)</strong></span> <span class='ocrx_word' id='word_1_345' title='bbox 2612 4173 2933 4221; x_wconf 75' lang='lat' dir='ltr'><em>monasterio</em></span> <span class='ocrx_word' id='word_1_346' title='bbox 2968 4177 3024 4218; x_wconf 70' lang='grc' dir='ltr'><em>ιο</em></span> 
     </span>
     <span class='ocr_line' id='line_1_41' title="bbox 697 4238 2932 4306; baseline -0.001 -12"><span class='ocrx_word' id='word_1_347' title='bbox 697 4243 754 4294; x_wconf 83' lang='lat' dir='ltr'><em>S.</em></span> <span class='ocrx_word' id='word_1_348' title='bbox 791 4241 1177 4294; x_wconf 68' lang='lat' dir='ltr'><em>Emmerammi</em></span> <span class='ocrx_word' id='word_1_349' title='bbox 1223 4238 1347 4290; x_wconf 77' lang='lat' dir='ltr'><em>olim</em></span> <span class='ocrx_word' id='word_1_350' title='bbox 1403 4239 1707 4306; x_wconf 78' lang='lat' dir='ltr'><em>adscriptus</em></span> <span class='ocrx_word' id='word_1_351' title='bbox 1759 4239 2159 4306; x_wconf 77' lang='lat' dir='ltr'><em>rationibusque</em></span> <span class='ocrx_word' id='word_1_352' title='bbox 2206 4241 2527 4306; x_wconf 79' lang='lat' dir='ltr'><em>quibusdam</em></span> <span class='ocrx_word' id='word_1_353' title='bbox 2574 4255 2693 4291; x_wconf 83' lang='lat' dir='ltr'><em>cum</em></span> <span class='ocrx_word' id='word_1_354' title='bbox 2745 4239 2932 4293; x_wconf 77' lang='lat' dir='ltr'><em>Otloho</em></span> 
     </span>
     <span class='ocr_line' id='line_1_42' title="bbox 697 4309 2935 4378; baseline -0.001 -13"><span class='ocrx_word' id='word_1_355' title='bbox 697 4315 1006 4366; x_wconf 74' lang='lat' dir='ltr'><em>coniunctus</em></span> <span class='ocrx_word' id='word_1_356' title='bbox 1045 4315 1162 4362; x_wconf 74' lang='lat' dir='ltr'><em>emt</em></span> <span class='ocrx_word' id='word_1_357' title='bbox 1209 4311 1304 4374; x_wconf 78' lang='lat' dir='ltr'><em>(cf.</em></span> <span class='ocrx_word' id='word_1_358' title='bbox 1343 4310 1641 4375; x_wconf 69' lang='lat' dir='ltr'><em>Dammler,</em></span> <span class='ocrx_word' id='word_1_359' title='bbox 1679 4309 1885 4373; x_wconf 53' lang='lat' dir='ltr'><em>‘onom</em></span> <span class='ocrx_word' id='word_1_360' title='bbox 1931 4311 1965 4363; x_wconf 79' lang='lat' dir='ltr'><em>l.</em></span> <span class='ocrx_word' id='word_1_361' title='bbox 2004 4312 2039 4364; x_wconf 78' lang='lat' dir='ltr'><em>l.</em></span> <span class='ocrx_word' id='word_1_362' title='bbox 2087 4329 2141 4378; x_wconf 81' lang='lat' dir='ltr'><em>p.</em></span> <span class='ocrx_word' id='word_1_363' title='bbox 2184 4312 2362 4376; x_wconf 81' lang='lat'><em>1079).</em></span> <span class='ocrx_word' id='word_1_364' title='bbox 2543 4313 2600 4378; x_wconf 81' lang='lat'><em>3)</em></span> <span class='ocrx_word' id='word_1_365' title='bbox 2655 4309 2935 4377; x_wconf 73' lang='lat' dir='ltr'><em>Epi-stolae</em></span> 
     </span>
     <span class='ocr_line' id='line_1_43' title="bbox 700 4381 2932 4449; baseline -0 -14"><span class='ocrx_word' id='word_1_366' title='bbox 700 4385 755 4437; x_wconf 84' lang='lat' dir='ltr'><em>S.</em></span> <span class='ocrx_word' id='word_1_367' title='bbox 794 4383 1053 4447; x_wconf 79' lang='lat' dir='ltr'><em>Bonifaci</em></span> <span class='ocrx_word' id='word_1_368' title='bbox 1077 4399 1136 4449; x_wconf 83' lang='lat' dir='ltr'><em>p.</em></span> <span class='ocrx_word' id='word_1_369' title='bbox 1163 4383 1294 4446; x_wconf 79' lang='lat'>2863</span> <span class='ocrx_word' id='word_1_370' title='bbox 1336 4381 1805 4447; x_wconf 77' lang='lat' dir='ltr'><em>Moquntiacarum</em></span> <span class='ocrx_word' id='word_1_371' title='bbox 1842 4397 2027 4432; x_wconf 78' lang='lat' dir='ltr'><em>rerum</em></span> <span class='ocrx_word' id='word_1_372' title='bbox 2064 4382 2193 4432; x_wconf 80' lang='lat' dir='ltr'><em>libri</em></span> <span class='ocrx_word' id='word_1_373' title='bbox 2217 4398 2277 4448; x_wconf 88' lang='lat' dir='ltr'><em>p.</em></span> <span class='ocrx_word' id='word_1_374' title='bbox 2304 4385 2426 4437; x_wconf 85' lang='lat'><strong>561.</strong></span> <span class='ocrx_word' id='word_1_375' title='bbox 2551 4383 2608 4449; x_wconf 86' lang='lat'><em>4)</em></span> <span class='ocrx_word' id='word_1_376' title='bbox 2659 4382 2722 4437; x_wconf 83' lang='lat' dir='ltr'><em>V.</em></span> <span class='ocrx_word' id='word_1_377' title='bbox 2759 4383 2932 4434; x_wconf 73' lang='lat' dir='ltr'><em>Boni-</em></span> 
     </span>
     <span class='ocr_line' id='line_1_44' title="bbox 703 4452 2821 4522; baseline 0.002 -17"><span class='ocrx_word' id='word_1_378' title='bbox 703 4455 848 4519; x_wconf 78' lang='lat' dir='ltr'><em>fatii,</em></span> <span class='ocrx_word' id='word_1_379' title='bbox 896 4455 1072 4519; x_wconf 82' lang='lat' dir='ltr'><em>prol.,·</em></span> <span class='ocrx_word' id='word_1_380' title='bbox 1120 4453 1167 4518; x_wconf 95' lang='grc' dir='ltr'><em>Ι,</em></span> <span class='ocrx_word' id='word_1_381' title='bbox 1205 4455 1460 4513; x_wconf 82' lang='grc'><strong>37-39,·</strong></span> <span class='ocrx_word' id='word_1_382' title='bbox 1509 4452 1589 4517; x_wconf 91' lang='grc' dir='ltr'><em>ΙΙ,</em></span> <span class='ocrx_word' id='word_1_383' title='bbox 1637 4453 1721 4507; x_wconf 89' lang='grc'><em>16.</em></span> <span class='ocrx_word' id='word_1_384' title='bbox 1864 4455 1919 4519; x_wconf 89' lang='grc'><em>5)</em></span> <span class='ocrx_word' id='word_1_385' title='bbox 1960 4453 2039 4517; x_wconf 75' lang='lat' dir='ltr'><em>Cf.</em></span> <span class='ocrx_word' id='word_1_386' title='bbox 2078 4470 2140 4506; x_wconf 70' lang='grc' dir='ltr'><em>θα</em></span> <span class='ocrx_word' id='word_1_387' title='bbox 2176 4469 2311 4520; x_wconf 84' lang='lat' dir='ltr'><em>quae</em></span> <span class='ocrx_word' id='word_1_388' title='bbox 2346 4454 2394 4518; x_wconf 90' lang='lat' dir='ltr'><em>I,</em></span> <span class='ocrx_word' id='word_1_389' title='bbox 2427 4453 2513 4522; x_wconf 81' lang='lat'><em>38,</em></span> <span class='ocrx_word' id='word_1_390' title='bbox 2552 4454 2821 4509; x_wconf 76' lang='lat' dir='ltr'><em>adnotavi.</em></span> 
     </span>
    </p>
   </div>
  </div>
 </body>
</html>
