3167 5192
1069 1170 1306 1254 PRA
1315 1172 1554 1255 EFA
1565 1173 1691 1255 TI
1686 1170 1783 1257 O.

1397 1334 1460 1397 I.

326 1449 516 1515 Vita
585 1447 1029 1529 Bonifatii
1095 1455 1428 1514 auctore
1490 1448 1984 1516 Willibaldo
2038 1453 2550 1536 presbytero.

524 1562 907 1644 Bonifatius
968 1563 1436 1630 Germanorum
1493 1563 1607 1646 qui
1662 1564 1903 1630 dicitur
1958 1567 2273 1646 apostolus
2331 1568 2551 1632 claris-

255 1675 280 1714 ⁶
313 1653 516 1719 simus
556 1652 870 1736 martyrio
911 1652 1023 1717 vix
1068 1653 1454 1735 occubuerat,
1502 1675 1644 1719 cum
1672 1653 1903 1718 studiis
1932 1654 2216 1733 fidelium
2245 1657 2551 1721 memoria

314 1742 516 1825 ipsius
560 1741 897 1824 diligenter
940 1744 1268 1808 observata
1314 1749 1406 1808 est
1433 1741 1719 1824 diemque
1748 1741 1951 1807 obitus
1983 1741 2229 1809 ‘annua
2258 1744 2549 1826 frequen·

313 1831 550 1896 tatione
622 1830 1007 1896 sollemniter
1073 1831 1412 1896 celebrare'
1481 1831 1554 1896 in
1628 1831 1869 1914 synodo
1937 1832 2226 1914 ,qenerali
2288 1833 2551 1915 patriae

316 1920 676 1987 Saxonicae
731 1941 876 1984 mooe
930 1925 1290 1985 statuerunt
1304 1920 1346 1982 ¹.
1453 1919 1673 1986 Amici
1729 1919 1805 1985 in
1858 1920 2234 2003 Germania,
2304 1921 2547 2004 Gallia,

312 2008 696 2091 Britannia,
757 2007 966 2075 Italia
1023 2007 1363 2090 constituti,
1432 2015 1504 2074 ut
1555 2015 1734 2090 qesta
1800 2009 1939 2075 eius
2000 2009 2230 2075 litteris
2287 2013 2549 2076 manda-

230 2122 277 2159 ιο
311 2104 555 2180 rentur,
603 2099 968 2179 optabant&
1025 2096 1196 2162 inter
1238 2118 1394 2179 quos
1437 2097 1669 2163 Milret
1712 2097 2035 2181 episcopus
2077 2098 2551 2181 Wiyorniensis

313 2187 574 2252 Iadlum
629 2147 968 2266 Bonifatii
1019 2206 1432 2252 successorem
1489 2186 1630 2268 ipso
1686 2186 1989 2270 martyrii
2043 2208 2221 2253 anno
2279 2188 2547 2271 royavit,

311 2282 384 2340 ut
427 2274 862 2342 ‘venerabilem
903 2274 1103 2342 vitam
1147 2282 1209 2340 et
1257 2274 1604 2358 yloriosum
1660 2275 1874 2355 finem'
1934 2275 2072 2341 eius
2128 2297 2336 2342 secum
2392 2298 2549 2343 com·

313 2364 729 2431 manicaret.
684 2365 710 2404 ³
812 2363 1024 2429 Vitam
1041 2364 1068 2403 4
1112 2369 1322 2430 autem
1365 2364 1544 2430 haud
1583 2363 1683 2430 ita
1726 2365 1918 2429 mutto
1952 2371 2099 2447 post
2140 2364 2551 2432 Wiltibaldus

301 2454 633 2536 presbyter
697 2453 1040 2534 composuit
1103 2459 1288 2535 atque
1345 2453 1537 2518 Lullo
1595 2453 1985 2536 Moyuntino
2050 2460 2109 2519 et
2165 2453 2550 2537 Meyinyoeo

231 2567 278 2606 ιε»
314 2541 824 2642 Wirziburyensi
885 2541 1192 2642 episcopis
1253 2541 1484 2608 iisdem
1539 2541 1872 2624 discipulis
1933 2542 2141 2609 sancti
2200 2542 2547 2625 inscripsit,

313 2651 580 2712 quorum
667 2630 850 2696 iussu
937 2630 1253 2714 neyotium
1342 2630 1526 2696 Vitae
1618 2633 2081 2715 componendae
2168 2638 2545 2716 susceperat.

314 2719 706 2786 Posteriores
779 2726 1095 2785 auctorem
1169 2741 1310 2786 cum
1389 2719 1763 2786 Willibaldo
1836 2721 2290 2802 confuderunt,
2366 2740 2548 2802 quem

303 2808 588 2890 primum
656 2808 1009 2891 episcopum
1067 2808 1558 2874 Eichstetensem
1615 2807 2002 2888 Bonifatius
2058 2832 2120 2875 a.
2174 2815 2322 2873 741.
2383 2809 2549 2875 ordi·

313 2905 582 2964 nacerat
598 2898 640 2979 ⁵,
709 2899 822 2962 sed
881 2918 1096 2963 errore
1151 2897 1494 2978 manifesto
1512 2899 1575 2979 ⁶,·
1641 2919 1796 2963 nam
1852 2904 2091 2979 auctor,
2151 2919 2291 2964 cum
2350 2899 2427 2963 de
2483 2919 2549 2964 se

225 3087 276 3124 20
316 3072 368 3138 1)
389 3072 664 3138 Bonifatii
681 3078 728 3124 et
753 3072 908 3124 Lulli
926 3073 1075 3140 epist.
1104 3074 1224 3139 111,
1248 3073 1329 3128 ed.
1355 3072 1653 3138 Dummlem
1677 3072 1810 3132 Ma,
1830 3072 2005 3139 Epist.
2031 3072 2142 3139 ΙΙΙ,
2160 3089 2219 3140 p.
2240 3075 2362 3138 399,
2386 3088 2549 3140 quam

311 3143 589 3196 editionem
623 3159 830 3210 semper
863 3149 1068 3196 secutus
1101 3159 1236 3198 sum.
1382 3142 1436 3211 2)
1469 3143 1532 3199 V.
1569 3143 1845 3208 Bonifatii
1877 3149 2013 3198 auct.
2050 3143 2373 3209 Willibaldo,
2402 3144 2547 3212 prol.

310 3215 368 3280 3)
424 3215 613 3276 Bonis.
664 3231 745 3281 ep.
797 3216 900 3270 112
949 3225 1026 3282 (p.
1065 3215 1216 3274 401).
1428 3215 1487 3282 4)
1531 3215 1613 3266 De
1659 3215 1798 3266 Vitis
1847 3215 2125 3280 Bonifatii
2174 3215 2549 3266 examinandis

303 3291 427 3354 post
485 3285 727 3352 Jaffeum
787 3287 978 3354 optime
1036 3287 1260 3338 meritus
1317 3291 1392 3338 est
1450 3286 1592 3352 Auy.
1647 3285 1753 3340 Ios.
1811 3286 2175 3352 Narnherqer,
2231 3285 2314 3338 De
2365 3285 2551 3338 Sancti

314 3356 591 3420 Bonifatii
651 3357 1048 3409 Germanorum
1106 3357 1333 3423 apostoli
1393 3358 1531 3408 Vitis
1600 3386 1670 3396 —
1738 3386 1812 3396 —
1880 3359 2241 3410 cmnmentatio
2254 3395 2271 3423 ,
2337 3357 2549 3408 Vratis-

222 3442 274 3480 25
313 3429 486 3479 taviae
523 3429 680 3495 1892,
704 3429 833 3479 dum
869 3444 930 3479 ea
954 3443 1090 3494 quae
1123 3429 1436 3496 conscripsit
1477 3427 1542 3482 G.
1580 3428 1871 3494 Woelbinq,
1910 3427 2034 3480 ‘Die
2068 3427 2549 3480 mittelalterlichen

310 3497 946 3565 Lebensbesehreibunqen
982 3499 1073 3550 des
1107 3499 1460 3564 Bonifatius',
1496 3499 1657 3552 Ienae
1694 3500 1850 3564 1892,
1901 3505 1997 3550 aut
2044 3504 2175 3551 nota
2222 3504 2319 3550 aut
2367 3500 2549 3550 minus

311 3570 474 3620 utilia
507 3576 648 3624 sunt.
757 3571 814 3636 ὃ)
855 3569 1043 3638 Ipsum
1079 3570 1387 3634 librarium,
1426 3571 1526 3636 qui
1556 3577 1679 3622 ante
1713 3586 1767 3624 a.
1791 3571 1897 3625 846
1930 3571 2020 3637 (cf.
2046 3571 2153 3624 eod.
2180 3572 2241 3630 3)
2272 3570 2549 3636 exemplar

320 3641 624 3692 Willibaldi
656 3641 885 3694 alterum
920 3641 1011 3706 (b,·
1046 3657 1092 3695 v.
1129 3643 1286 3706 infra
1329 3659 1383 3710 p.
1422 3641 1619 3709 XXX)
1654 3643 1915 3707 exaravit,
1960 3658 1984 3692 s
2000 3656 2083 3693 an
2099 3639 2201 3692 eti
2238 3638 2549 3694 willibaldi

312 3711 466 3779 epis
481 3728 512 3765 e
532 3711 650 3780 opi
686 3714 848 3779 quasi
881 3712 1120 3764 auctoris
1154 3714 1468 3777 meminisse,
1503 3727 1530 3762 e
1558 3712 2081 3780 praescriptionibus
2116 3711 2350 3764 codicum
2384 3714 2472 3767 2a.
2498 3711 2545 3771 b,

221 3797 274 3836 so
310 3786 362 3837 4.
398 3786 471 3837 4a
506 3783 602 3848 (cf,
640 3784 750 3838 cod.
789 3785 888 3848 5a)
937 3783 1088 3848 effici
1130 3785 1356 3838 videtur.
1443 3783 1576 3836 Item
1610 3783 1885 3835 Notlcerus
1933 3785 1993 3834 in
2031 3783 2426 3850 Mar-tyroloqic
2475 3783 2549 3834 ad

308 3855 448 3906 diem
483 3857 536 3909 5.
571 3854 731 3906 Iunii
773 3854 1095 3919 (Cani-sius·
1109 3855 1376 3921 Rasnaye,
1422 3855 1689 3907 Lectiones
1736 3856 1989 3921 antiquae
2024 3854 2103 3920 II,
2142 3857 2195 3920 3,
2224 3871 2283 3921 p.
2320 3857 2451 3919 138)
2485 3855 2550 3906 de

309 3925 466 3977 sociis
500 3926 778 3990 Bonifatii
811 3941 974 3992 aqens
1011 3926 1162 3992 bioqr
1163 3926 1366 3992 aphum
1402 3932 1451 3978 et
1491 3928 1789 3992 episcopum
1839 3925 2097 3991 confudit,
2149 3925 2415 3977 scribens:
2463 3923 2547 3977 De

311 4011 544 4064 quorum
605 3995 838 4065 collegio
898 3995 1076 4050 fertur
1135 3997 1302 4050 etiam
1363 3995 1528 4049 fuisse
1583 3994 1969 4049 willibaldum
2027 3997 2335 4064 presbyt
2352 4011 2545 4048 erum

312 4065 604 4120 virtutibus
640 4071 698 4119 et
720 4065 972 4120 doctrina
995 4067 1354 4120 clarissimum
1392 4071 1447 4120 et
1483 4083 1728 4121 sororem
1764 4066 1880 4120 eius
1906 4065 2308 4136 waldburgam
2347 4065 2545 4118 sancti-

221 4152 272 4191 ⁸5
309 4141 424 4190 tate
479 4137 846 4206 conspicuam.
939 4139 1092 4191 Otloh
1144 4141 1206 4191 in
1257 4140 1484 4206 proloyo
1533 4139 1685 4192 Vitae
1740 4139 2020 4203 Bonifatii
2067 4139 2243 4191 Vitam
2306 4153 2331 4188 s
2346 4154 2377 4189 a
2391 4153 2427 4189 n
2444 4134 2543 4190 ct
2524 4153 2544 4188 1

310 4206 616 4262 willibaldi
653 4208 778 4262 stilo
814 4209 1112 4278 antiquitus
1149 4209 1355 4263 editam
1392 4211 1830 4276 commemoravit,
1866 4209 2199 4276 apertiusque
2245 4223 2545 4273 anonymus

309 4279 631 4333 Haserensis
677 4295 718 4335 c.
759 4284 793 4334 3
841 4281 968 4346 (SS.
1014 4281 1138 4348 VII,
1175 4283 1308 4347 255)
1358 4287 1625 4334 auctorem
1674 4283 1892 4333 eundem
1939 4283 2105 4346 fuisse
2154 4281 2341 4332 statuit
2390 4285 2545 4346 atque

307 4351 1062 4490 Y2ffl2.{'31³⁵⁸xmx⁶11¹'⁸im·
1135 4353 1454 4492 ἷξιᾶοξὲῗα
1466 4350 2541 4491 {Zffifzff’m“m.35⁰fiwtzf¹tff

217 4508 272 4547 ιο
309 4494 430 4546 ΔΑ.
468 4493 564 4548 SS.
602 4494 758 4550 Iunii
789 4494 839 4562 I,
869 4496 992 4549 453.
