3167 5192
10 4497 19 4728 ——v-——-

1203 464 1665 522 PRAEFATIO.
2342 465 2551 524 XXIII

223 701 228 708 .
297 668 472 718 saec.
549 645 776 710 XIII.
846 651 1181 710 exaratum
1248 645 1538 712 continet.
1654 646 2209 736 Praescriptiones
2274 649 2550 732 capitum
2621 709 2631 717 .

301 737 654 906 demntssel)
711 821 919 888 Codes:
963 821 1576 888 Londiniensis
1626 824 1829 889 musei
1872 824 2253 892 Britannici
2298 826 2552 910 Harley

265 911 270 916 ’
305 933 377 978 n.
428 917 622 990 2800,
669 931 831 976 saec.
868 909 1093 975 XIII.
1125 910 1240 991 in„
1287 912 1573 976 volumen
1607 911 1899 995 primum
1942 913 2297 995 leyendarii
2339 935 2551 979 mona·

231 1023 259 1062 ⁵
307 999 497 1066 sterii
541 998 1031 1064 Arnsteinensis
1078 993 1300 1076 (dioec.
1357 1000 1645 1081 Trever.)
1700 999 1776 1065 in
1832 1000 2087 1083 regione
2133 1002 2553 1068 Nassoviensi

307 1089 425 1154 siti
473 1084 681 1166 (codd.
727 1109 794 1153 n.
844 1088 1337 1169 2800—2802),
1388 1088 1501 1168 soz.
1555 1088 1947 1154 low—200.

531 1193 656 1274 2e2)
697 1191 907 1259 Codex
933 1193 1574 1259 Bruxellensis
1619 1215 1682 1259 n.
1718 1201 2089 1277 207-208,
2127 1217 2287 1261 saec.
2325 1195 2553 1277 XIII,

296 1303 470 1365 pars
505 1281 732 1364 prima
777 1281 1134 1363 legendarii
1177 1281 1494 1346 simillimi
1551 1277 1759 1360 (codd.
1820 1305 1887 1348 n.
1936 1290 2061 1349 207
2067 1281 2159 1368 JS,
2224 1291 2551 1365 98-100,

316 1373 502 1455 206),
558 1371 671 1451 fol.
705 1376 1106 1451 269-276,
1155 1370 1495 1452 proximus
1538 1373 1629 1436 ad
1674 1372 1777 1436 2e1
1822 1371 2078 1454 accedit,
2138 1372 2215 1437 id
2268 1374 2437 1454 quod
2478 1394 2555 1437 ecc

211 1483 270 1521 ιο
313 1459 402 1524 iis
470 1480 631 1541 quas
698 1459 1047 1524 attulerunt
1115 1458 1274 1524 socii
1330 1459 1794 1541 Bollandiani,
1869 1459 2243 1543 Gataloyus‘
2276 1461 2556 1526 codicum

316 1547 733 1630 hayioyraph.
824 1546 1119 1613 Bruxell.
1152 1547 1213 1629 I,
1267 1554 1322 1629 1,
1368 1554 1559 1629 1886,
1594 1570 1667 1630 p.
1706 1554 1829 1612 155
1862 1567 1974 1631 sq„
2037 1549 2403 1614 lectionibus
2459 1549 2557 1614 in-

317 1637 646 1718 telleyitur.
752 1635 909 1701 Gum
951 1642 1215 1716 utroque
1273 1637 1637 1718 legendario
1682 1636 2069 1703 Rhenanam
2112 1637 2386 1702 minoris
2429 1658 2558 1702 am·

304 1724 655 1808 plitudinis
700 1723 1026 1804 affinitate
1082 1725 1363 1805 quadam
1409 1724 1808 1790 coniunctum
1853 1732 1959 1806 est,
2020 1725 2201 1791 cuius
2242 1725 2391 1790 item
2434 1727 2558 1790 duo

317 1813 717 1897 exemplaria
755 1814 827 1878 V.
860 1811 1195 1892 Bonifatii
1241 1813 1592 1878 continent:

219 1927 276 1982 15
537 1915 664 2004 2e3)
706 1917 915 2036 Codex
949 1918 1461 1985 Bonnensis
1507 1920 1576 1986 S.
1612 1926 1740 1984 369
1790 1917 1974 2002 (226,
2008 1921 2105 2002 a),
2153 1941 2313 1985 saec.
2352 1919 2555 2000 XIV,

317 2009 432 2088 soz·
483 2014 666 2180 21234²)
707 2013 1814 2178 {fidedessuesseldorfensis
1881 2096 1937 2162 0
1983 2099 2121 2178 lOb,
2181 2117 2345 2161 saec.
2398 2095 2559 2160 XV.

315 2210 360 2251 a
417 2184 682 2251 Thirico
726 2185 998 2266 quodam
1042 2192 1364 2266 eoearatus,
1418 2185 1532 2266 qui
1587 2206 1809 2252 versus
1864 2185 2206 2250 nonnullos
2261 2184 2337 2249 in
2396 2185 2561 2250 calce

315 2273 474 2340 libri
524 2270 667 2354 (fol.
718 2272 882 2355 384)
929 2273 1198 2355 addidit,
1244 2273 1357 2353 fol.
1407 2280 1783 2338 221—238.

225 2404 282 2442 20
538 2379 1086 2462 Praescriptiones
1131 2379 1408 2462 capitum
1453 2379 1527 2445 in
1573 2380 1890 2446 codicibus
1937 2379 2056 2444 2e1·
2078 2379 2118 2418 3·
2136 2381 2163 2418 4
2208 2381 2449 2444 desunt.

541 2482 605 2568 3)
691 2486 900 2553 Codex
985 2485 1743 2569 Caroliruhensis
1808 2485 1978 2550 inter
2051 2483 2408 2567 Auyienses
2496 2506 2562 2550 n.

332 2574 747 2654 CXXXVI,
796 2596 957 2641 saec.
1007 2573 1145 2656 IX,
1192 2574 1306 2654 fol.
1342 2581 1579 2656 2-20,
1628 2581 1881 2640 auctore
1926 2573 2308 2656 Reyinberto
2354 2572 2565 2638 biblio·

324 2663 608 2730 thecario
655 2663 973 2745 Auyiensi
1021 2659 1082 2748 (†
1129 2658 1326 2744 846)1
1384 2685 1427 2727 a
1487 2663 1759 2729 librario
1826 2663 2221 2745 conscriptus
2278 2667 2385 2742 est,
2454 2661 2567 2743 qui

323 2755 518 2818 verba
563 2753 876 2817 nonnulla
918 2751 1238 2816 interdum
1284 2751 1607 2834 scriptura
1650 2750 1964 2832 distinxit,
2011 2771 2174 2832 quae
2209 2748 2569 2816 Saxonicae

230 2862 286 2902 25
323 2840 562 2906 similis
607 2846 713 2922 est,
775 2841 1101 2925 exemplar
1145 2840 1500 2907 adhibitum
1556 2839 1833 2919 fortasse
1888 2839 2197 2904 imitatus.
2292 2837 2571 2920 Scripsit

324 2929 557 3012 ubique
586 2929 723 3009 fere
755 2929 1024 3006 eclesia,
1059 2930 1544 2995 eclesiasticae.
1628 2927 1785 2993 Cum
1816 2927 1970 2992 aliis
2002 2927 2304 3009 partibus
2335 2925 2569 2990 codicis

315 3017 643 3101 plurimae
710 3016 1173 3082 emendationes
1227 3024 1450 3100 postea
1516 3017 1738 3082 illatae
1806 3016 1954 3097 sint,
2018 3015 2168 3082 Vita
2234 3013 2570 3093 Bonifatii

317 3106 552 3188 paucis
599 3112 844 3171 tantum
889 3105 1042 3171 locis
1086 3105 1166 3169 ab
1196 3105 1334 3187 ipso
1364 3111 1435 3170 ut
1462 3105 1713 3170 videtur
1742 3105 2122 3187 Reyinberto
2154 3109 2431 3169 correcta
2461 3109 2569 3166 est.

548 3209 641 3294 3¹⁸)
712 3209 920 3278 Codex
977 3208 2102 3291 Moeno-Francofurtensis
2170 3208 2574 3274 bibliothecae

238 3323 295 3360 30
330 3303 620 3366 urbanae
685 3299 856 3366 inter
915 3299 1111 3366 libros
1166 3302 1234 3366 S.
1280 3299 1766 3366 Bartholomaei
1833 3320 1899 3364 n.
1950 3305 2010 3379 3,
2066 3317 2234 3380 pars
2300 3297 2576 3361 secunda

336 3388 698 3456 ‘Gestorum
772 3396 1136 3454 sanctorum
1209 3388 1468 3472 reyistri
1541 3386 1967 3471 Moyuntini',
2044 3406 2206 3467 quae
2280 3389 2575 3466 quattuor

332 3477 660 3542 volumina
729 3474 826 3556 (n.
889 3476 930 3538 2
945 3513 1036 3522 --
1050 3480 1122 3561 5)
1195 3477 1550 3560 leyendarii
1608 3475 1902 3543 ecclesiae
1963 3475 2031 3540 S.
2090 3471 2574 3538 Bartholomaei

334 3565 910 3645 Francofurtensis
990 3589 1052 3631 a.
1130 3573 1321 3631 1356.
1398 3565 1575 3646 finiti
1650 3565 2137 3647 complectuntur
2153 3564 2195 3643 2,
2279 3561 2351 3624 X
2365 3560 2572 3626 VIII.

350 3655 564 3720 Vitam
622 3654 957 3734 Bonifatii
1025 3654 1314 3737 continet,
1385 3653 1589 3737 capite
1655 3675 1823 3719 nono
1890 3651 2139 3716 omisso.
2247 3651 2479 3715 Teoetus
2546 3670 2579 3713 e

243 3767 300 3806 35
338 3743 545 3809 codice
593 3749 630 3806 3
687 3745 934 3826 pendet,
995 3743 1113 3808 etsi
1157 3743 1448 3810 lectiones
1491 3743 1841 3808 nonnullae
1886 3739 2125 3806 diversi
2179 3736 2435 3821 yeneris
2503 3756 2579 3801 ea·

337 3831 489 3896 aliis
563 3830 881 3898 codicibus
953 3831 1176 3898 illatae
1251 3838 1418 3897 sunt.
1539 3832 1777 3896 Artam
1852 3826 2372 3895 necessitudinem
2438 3847 2579 3890 cum

339 3921 501 3986 libro
551 3926 589 3983 3
637 3919 1115 3986 intercedentem
1159 3941 1240 3986 ex
1283 3919 1387 3985 his
1431 3920 1583 3986 locis
1628 3917 1905 4000 intelleyi
1951 3917 2128 3983 licet:

341 4147 395 4214 1)
449 4147 535 4214 Cf.
573 4147 816 4213 Krusch,
864 4145 961 4202 SS.
998 4147 1066 4202 R.
1104 4147 1305 4203 Meroe.
1342 4146 1449 4212 IV,
1483 4148 1611 4204 407.
1686 4146 1860 4200 Codex
1894 4145 2065 4198 locum
2100 4144 2184 4198 11.
2236 4145 2297 4194 in
2346 4141 2584 4206 cataloyo

342 4219 607 4270 librorum
642 4235 679 4271 a
715 4218 1037 4284 Reqinberto
1072 4222 1510 4286 comparatorum
1559 4221 1798 4284 occupat,
1846 4233 1872 4268 e
1908 4216 2103 4283 quibus
2148 4215 2307 4266 etiam
2353 4212 2585 4263 decimus

247 4303 306 4341 40
349 4290 408 4344 V.
447 4289 725 4353 Bonifatii
760 4289 1056 4342 continebat
1091 4289 1186 4356 (G.
1225 4289 1428 4341 Becker
1465 4289 1500 4343 l.
1538 4290 1574 4343 l.
1613 4306 1673 4355 p.
1712 4291 1824 4354 21).
2004 4285 2064 4355 2)
2102 4285 2185 4348 Cf.
2226 4281 2466 4334 ‘Archiv'
2502 4281 2585 4348 II,

343 4361 462 4415 197.
525 4359 607 4414 De
643 4360 852 4426 oriqi‘m
885 4359 1186 4428 leyendari‘i
1207 4361 1268 4412 in
1295 4361 1641 4428 praefatione
1664 4359 1950 4412 voluminis
1974 4357 2164 4424 quarti
2195 4363 2276 4419 (n.
2304 4357 2365 4415 5)
2401 4353 2588 4417 fusius

342 4432 576 4482 relatum
613 4437 704 4486 est.
