3167 5192
762 503 869 556 100
938 496 1133 553 VITA
1158 496 1480 567 QUARTA
1510 494 1915 551 BONIFATII
1945 494 2309 551 AUCTORE
2339 494 2821 555 MOGUNTINO.

760 681 1173 747 venerabilis
1234 682 1594 765 episcopus
1657 680 2093 743 Bonifatius⁸
2146 680 2220 742 in
2279 680 2530 745 faciem
2592 682 2656 745 ei
2715 682 3004 758 restitit,

763 772 1017 849 dicens,
1082 771 1146 835 ei
1192 791 1333 833 non
1390 770 1599 834 licere
1658 790 1852 833 suam
1911 770 2143 833 sedem
2205 769 2678 853 derelinquere
2738 774 2810 835 et
2869 776 3004 835 ter-

762 861 983 925 minos
1030 862 1307 943 patrum
1349 858 1744 941 transgredi
1803 861 1874 921 et
1935 858 2080 921 sine
2142 878 2479 922 consensu
2538 860 2859 944 episcopi,
2911 860 3002 924 ad

761 950 957 1014 cuius
1004 949 1332 1013 diocesim
1377 948 1680 1032 pertinet
1710 947 1922 1024 locuS,
1957 946 2252 1029 quilibet
2287 947 2408 1011 ille
2441 951 2566 1024 est,
2599 948 2997 1032 episcopum

760 1039 1112 1116 ordinare-3
1161 1038 1344 1121 quod
1392 1058 1519 1101 nec
1567 1038 1954 1101 decessores
2001 1036 2148 1099 eius
2208 1036 2538 1100 fecissent
2600 1058 2727 1101 nec
2789 1038 3000 1124 eccle·
3045 1062 3074 1101 5

760 1127 1039 1192 siastica
1082 1126 1326 1209 regula
1379 1128 1603 1191 docet.
1709 1128 1940 1249 Atque
1998 1125 2072 1188 in
2132 1126 2318 1188 hunc
2378 1126 2661 1189 modum
2718 1127 2792 1190 in
2853 1148 3000 1210 pre-

760 1217 987 1283 sentia
1032 1216 1210 1299 regis
1257 1250 1345 1257 —
1390 1214 1514 1278 illo
1576 1218 1818 1279 contra
1915 1214 2209 1291 dicente,
2273 1214 2654 1297 apostolica
2705 1217 3000 1279 auctori-

756 1307 906 1369 tate
952 1304 1198 1369 fecisse
1243 1338 1333 1347 --
1378 1302 2030 1380 contendentibusss,
2078 1298 2460 1385 Pippinusd
2510 1324 2632 1367 rex
2688 1304 2764 1366 in
2828 1326 2999 1388 pace

757 1394 1228 1458 reconciliari⁰
1272 1413 1386 1457 eos
1431 1392 1806 1469 nitebatur,
1859 1392 2124 1455 dicens:
2181 1391 2266 1455 ‘N
2269 1412 2360 1455 on
2407 1396 2698 1476 oportet,
2731 1395 2834 1470 ut,
2878 1395 3000 1476 qui

758 1486 968 1566 caput
1030 1482 1357 1566 ecclesiae
1412 1483 1595 1559 estis,
1660 1481 1904 1545 ceteris
1964 1480 2288 1545 membris
2348 1481 2662 1564 exempla
2721 1485 2998 1547 conten·
3037 1508 3092 1546 ιο

757 1572 969 1636 tionis
1014 1571 1391 1655 prebeatis;
1442 1572 1582 1647 sed,
1632 1591 1741 1633 me
1786 1570 1970 1633 inter
2001 1589 2120 1634 vos
2151 1570 2520 1647 mediante,
2561 1571 2999 1635 reconciliari

758 1660 1123 1725 convenit'.
1216 1660 1478 1724 Audito
1526 1660 1743 1743 igitur
1791 1659 1936 1722 eius
1985 1658 2292 1735 consilio,
2343 1662 2424 1721 ut
2473 1653 2663 1723 eratf
2702 1663 2996 1743 uterque

756 1770 990 1814 eorum
1038 1750 1113 1811 in
1158 1749 1317 1833 lege,
1360 1749 1596 1812 divina
1643 1748 1974 1824 eruditus,
2025 1751 2519 1811 consenserunt
2566 1749 2996 1814 sermonibus

756 1840 903 1903 eius
964 1840 1080 1903 etg
1144 1838 1218 1901 in
1280 1858 1446 1921 pace
1509 1836 1939 1901 reconciliati
2001 1839 2185 1899 sunt.
2291 1838 2734 1921 Acceptaque
2800 1839 2996 1903 bene-

757 1928 1059 1992 dictione
1110 1927 1345 1991 domni
1392 1925 1774 2011 apostolici,
1825 1926 1914 1989 ad
1962 1926 2310 1989 destinata
2357 1926 2709 2009 profectus
2759 1929 2884 1991 est.
3033 1950 3086 1990 ιε

1032 2116 1138 2205 (9).
1234 2122 1353 2185 De
1408 2121 1800 2203 gloriosa
1856 2122 2258 2205 passione
2312 2120 2483 2183 viri
2539 2122 2718 2186 Dei.

968 2246 1164 2309 Sicut
1232 2248 1417 2309 enim
1486 2266 1609 2329 per
1665 2246 1896 2310 omnia
1955 2246 2189 2309 divina
2249 2245 2576 2308 mandata
2635 2251 2994 2311 assecutus

753 2339 876 2412 est,
924 2336 1043 2413 ita,
1095 2336 1280 2417 quod
1340 2336 1535 2417 quasi
1597 2336 1682 2399 de
1743 2334 2078 2417 singulari
2137 2338 2460 2419 precepto
2509 2334 2849 2399 Dominus
2909 2359 2994 2401 ex

750 2427 902 2489 toto
935 2425 1139 2489 corde
1187 2444 1257 2488 se
1292 2424 1719 2507 diligendum
1743 2423 1766 2461 1
1804 2427 1875 2487 et
1921 2424 2306 2507 proximum
2354 2416 2576 2487 sicuth
2615 2444 2686 2488 se
2717 2425 2944 2508 ipsum
2970 2427 2994 2463 ‘³

751 2514 1079 2598 precepit,
1141 2506 1246 2577 eti
1310 2514 1703 2589 custodivit,
1761 2513 2184 2595 eandemque
2242 2512 2603 2576 caritatem
2658 2516 2990 2579 sectando
3028 2537 3084 2575 πο

751 2606 967 2667 semet
1013 2603 1258 2686 ipsum,
1307 2605 1388 2665 ut
1420 2601 1738 2665 Christus
1773 2601 2009 2665 docuit
2029 2602 2070 2679 3,
2122 2622 2244 2683 pro
2278 2602 2514 2665 amicis
2548 2596 2723 2665 suisi
2773 2604 2986 2680 dedit,

750 2686 979 2775 quiak‚
1053 2692 1431 2755 Fresonum
1500 2691 1799 2754 lustrata
1857 2694 2096 2773 gente,
2169 2691 2572 2754 thesaurum
2641 2692 2775 2755 sibi
2837 2713 2989 2755 con-

409 2774 730 2869 issassfflss’ssg‘
749 2782 1032 2843 missum
1079 2802 1219 2845 non
1263 2780 1337 2843 in
1392 2780 1668 2843 sudario
1729 2780 2022 2863 ligatum
2069 2778 2179 2843 vel
2238 2779 2313 2842 in
2372 2783 2560 2842 terra
2619 2780 2989 2845 suffossum

558 2860 566 2869 ’
636 2857 652 2878 ’
717 2859 1129 2947 abscondit,
1195 2870 1315 2933 sed
1370 2872 1818 2952 augmentum
1880 2868 1955 2931 in
2015 2888 2095 2931 eo
2156 2868 2604 2951 querentibus
2673 2871 2986 2953 porrigit.

747 2959 1367 3042 Appropinquante
1433 2961 1666 3021 autem
1735 2960 2045 3039 tempore
2107 2957 2442 3040 passionis
2505 2958 2651 3021 eius
2713 2962 2784 3022 et
2845 2960 2988 3022 suis
3025 2981 3079 3020 25
3157 2998 3159 3001 ⁴

746 3067 974 3111 secum
1039 3047 1304 3111 clericis
1365 3048 1505 3111 sive
1569 3047 1766 3110 laicis
1827 3048 2030 3111 caute
2091 3049 2333 3109 contra
2399 3046 2684 3110 insidias
2753 3049 2987 3112 adver·

745 3136 1081 3199 sariorum
1128 3136 1598 3219 vigilantibus,
1663 3138 1866 3199 nocte
1916 3136 2156 3199 eadem
2203 3134 2325 3197 lux
2371 3135 2455 3198 de
2511 3136 2702 3199 caelo
2762 3136 2986 3201 taber-

744 3224 1089 3301 naculum,
1152 3224 1225 3287 in
1286 3245 1419 3307 quo
1478 3225 1583 3287 vir
1632 3225 1765 3287 Dei
1825 3216 2093 3307 gratas¹
2155 3223 2302 3287 Deo
2361 3225 2514 3287 tota
2573 3228 2781 3290 nocte.
2841 3246 2986 3309 per-

743 3312 1054 3377 solvebat
1100 3313 1360 3390 laudes,
1424 3314 1708 3377 emicuit
1757 3317 1827 3377 et
1875 3313 1970 3376 sic
2017 3312 2091 3375 in
2138 3312 2467 3375 maiorem
2513 3316 2782 3396 partem
2844 3315 2986 3379 diei

743 3402 1273 3485 perseveravitm.
1397 3402 1859 3467 Illucescente
1935 3402 2152 3484 igitur
2229 3401 2341 3465 die
2359 3400 2402 3478 4,
2484 3402 2986 3467 exhortabatur
3020 3425 3072 3465 so

954 3612 1009 3651 V.
1066 3610 1201 3659 Capp.
1231 3612 1271 3649 8.
1301 3612 1341 3650 9.
1414 3612 1453 3649 1.
1484 3612 1523 3649 2.

739 3718 783 3765 a)
812 3717 1069 3755 Boniiacius
1098 3718 1171 3767 1*;
1202 3718 1471 3757 Bonefacius
1500 3718 1540 3756 2.
1705 3718 1749 3766 b)
1790 3716 2035 3755 contradic.
2068 3718 2106 3755 1.
2138 3716 2212 3765 1²⁸3
2244 3722 2430 3755 econtra
2457 3714 2546 3755 dic.
2575 3718 2628 3755 F.
2793 3718 2834 3768 c)
2875 3730 2983 3758 con-

741 3770 937 3809 tentibus
966 3782 1044 3819 pr.
1075 3782 1132 3809 m.
1164 3772 1204 3809 2.
1342 3769 1388 3819 d)
1426 3772 1660 3821 Pyppinus
1701 3772 1740 3811 1.
1879 3772 1920 3817 e)
1959 3780 2034 3809 eos
2063 3762 2243 3809 recbnc.
2275 3771 2314 3808 2.
2452 3772 2485 3819 f)
2525 3776 2575 3809 ut
2604 3776 2701 3809 erat
2729 3771 2796 3810 bis
2821 3784 2907 3811 scr.
2940 3776 2979 3811 1.

736 3822 785 3872 g)
810 3833 1025 3871 supet-scr.
1056 3824 1095 3862 2.
1260 3824 1307 3872 h)
1344 3831 1470 3863 secut
1499 3827 1537 3862 1.
1703 3824 1734 3875 i)
1773 3834 1857 3862 om.
1888 3825 1927 3861 2.
2083 3822 2130 3874 k)
2167 3824 2230 3861 ita
2257 3824 2308 3874 23
2348 3834 2396 3873 (Β
2425 3825 2472 3875 1;
2513 3830 2544 3874 q
2572 3824 2646 3875 1¹¹3
2681 3830 2817 3874 atque
2843 3824 2979 3873 Jaffe.

740 3877 771 3925 1)
802 3882 950 3923 grates
976 3878 1099 3915 codd.
1210 3880 1269 3925 m)
1298 3878 1564 3926 pei-seravit.
1605 3877 1921 3916 Illuscescente
1951 3878 1990 3915 1.
2021 3876 2088 3915 1³⁸.
2187 3898 2191 3903 ·
3019 3884 3074 3925 35

736 4058 851 4103 tum
886 4054 945 4109 V.
984 4053 1245 4121 Stephani
1276 4070 1317 4109 c.
1356 4057 1441 4121 53,
1481 4056 1515 4109 l.
1556 4055 1589 4109 Ζ.
1630 4071 1692 4121 p.
1729 4056 1869 4115 456,·
1903 4054 2234 4121 epitaphium
2271 4054 2650 4121 Chrodeyanyi
2681 4074 2728 4109 v.
2756 4058 2806 4120 7,
2844 4057 2978 4111 ΜΘ.

734 4124 926 4176 Poetae
962 4125 1009 4190 I,
1050 4127 1191 4189 108,·
1224 4128 1414 4179 contin.
1455 4126 1630 4178 Bedae
1665 4143 1716 4179 a.
1746 4128 1867 4190 754,
1903 4141 2076 4191 supra
2111 4142 2170 4192 p.
2209 4128 2296 4191 60,
2344 4143 2396 4181 n.
2433 4130 2529 4193 2)‚·
2565 4127 2636 4191 of.
2674 4127 2750 4181 Η.
2787 4126 2976 4194 Halm,

734 4195 861 4246 ‘Die
900 4196 1242 4247 Continuatio
1278 4195 1476 4249 Bedae’
1514 4196 1947 4263 (‘Forschun9en
1991 4212 2096 4247 zur
2131 4196 2426 4249 Demschen
2477 4198 2803 4249 Gesohiohte'
2839 4198 2976 4264 XX,

739 4269 893 4332 1880,
942 4285 999 4335 p.
1037 4270 1144 4323 558
1168 4271 1306 4335 sqq.)
1320 4284 1346 4331 ‚·
1386 4267 1585 4320 Hauck
1621 4266 1738 4333 11²,
1776 4271 1844 4323 53
1860 4284 1884 4331 ;
1931 4268 2126 4334 Tanyl,
2167 4267 2304 4319 ‘Das
2351 4268 2648 4331 Todesjahr
2681 4269 2773 4321 des
2807 4270 2980 4322 Boni·
3157 4316 3159 4329 ,

733 4338 937 4400 fatius’
982 4339 1045 4403 (l.
1082 4340 1117 4393 l.
1162 4355 1221 4405 p.
1256 4341 1367 4394 245
1390 4341 1545 4406 sqq).
1765 4341 1817 4405 1)
1873 4340 2028 4393 Deut.
2081 4341 2132 4404 6,
2171 4342 2220 4394 5.
2437 4340 2492 4403 2)
2543 4340 2707 4394 Lavit.
2762 4343 2848 4404 19,
2889 4344 2977 4397 18.
3013 4359 3070 4398 40
3157 4344 3159 4347 ⁴

735 4411 790 4469 3)
828 4409 944 4461 Ioh.
984 4411 1069 4475 15,
1109 4413 1193 4464 13.
1336 4412 1393 4476 4)
1449 4410 1795 4462 Willibaldus
1839 4425 1880 4465 c.
1917 4412 1952 4464 8
1997 4413 2074 4477 (p.
2113 4412 2200 4474 49,
2242 4412 2368 4469 11).·
2416 4408 2555 4462 Cum
2593 4414 2778 4463 autem
2813 4428 2978 4479 prae-

732 4477 912 4531 dictus
949 4478 1104 4533 dies
1142 4480 1557 4535 inluxisset.
