3167 5192
646 471 816 527 LXII
1526 473 1987 532 PRAEFATIO.

646 676 911 736 quorum
955 655 1289 721 editionem
1321 656 1564 722 Perta
1603 657 1645 720 Ζ.
1678 658 1719 721 Ζ.
1755 679 1830 740 p.
1867 663 2237 721 354—357.
2285 657 2557 723 iteravit.
2638 658 2885 721 Eodem

647 743 852 808 codice
899 747 1100 810 denuo
1146 747 1383 826 collato,
1433 746 1494 810 J
1501 767 1542 809 a
1555 747 1602 825 f
1603 745 1683 825 fe
1728 747 1768 808 Ζ.
1819 747 1859 810 Ζ.
1897 769 1966 828 p.
2002 752 2372 810 471—482.
2419 746 2628 827 ipsam
2674 767 2883 810 recen-

645 833 975 985 }uIit.271n
1021 855 1363 987 εἷέζνιοηεφη
1420 833 1872 900 Germanicum
1918 857 2057 900 eam
2102 835 2431 900 transtulit
2474 835 2551 898 K
2558 841 2605 898 u·
2620 835 2643 898 Ζ
2660 836 2694 898 b
2743 835 2785 897 Ζ.
2837 836 2878 897 Ζ.

733 972 750 1001 ,
899 931 1018 985 1-
1167 971 1180 985 .

1705 1048 1822 1112 VI.
2919 1072 2955 1111 5

1236 1171 1424 1236 Vita
1484 1172 1775 1252 quinta
1831 1171 2291 1251 Bonifatii.

857 1294 1078 1360 Etiam
1125 1295 1349 1375 quinta
1393 1295 1726 1376 Bonifatii
1771 1295 1923 1361 Vita
1978 1303 2123 1361 teste
2183 1295 2387 1361 codice
2433 1295 2881 1376 antiquissimo

642 1380 730 1466 (1)
789 1385 1035 1448 saeculo
1099 1384 1232 1447 XI.
1294 1383 1428 1448 iam
1496 1385 1813 1450 existebat.
1921 1386 2103 1449 Haec
2172 1391 2299 1449 tota
2356 1386 2492 1464 fere
2552 1405 2628 1448 ex
2698 1405 2883 1465 opere

658 1471 1020 1537 Willibatdi
1064 1479 1354 1553 excerpta
1398 1479 1486 1537 est
1505 1475 1546 1554 1,
1614 1473 1864 1539 omissis
1909 1481 1968 1538 et
2013 1475 2277 1556 proloyo
2336 1480 2395 1537 et
2442 1473 2643 1554 capite
2689 1494 2876 1554 ncnc,

642 1560 904 1626 insertis
977 1582 1122 1625 vero
1184 1561 1445 1642 paucis,
1525 1582 1686 1642 quae
1761 1584 1837 1626 eoe
1912 1562 2077 1626 Vitis
2145 1561 2551 1629 Wiltibrordi
2623 1569 2880 1626 auctore
2920 1588 2979 1626 10

642 1649 912 1714 Alcvino
949 1645 1022 1733 (c.
1063 1657 1163 1713 10.
1204 1646 1323 1733 11),
1373 1651 1561 1716 tertia
1594 1651 1955 1717 Willibaldi
1988 1650 2058 1732 (c.
2099 1648 2201 1736 18)
2223 1654 2263 1731 2,
2304 1651 2525 1732 prima
2561 1649 2879 1714 Pirminii

645 1734 716 1821 (c.
764 1744 868 1801 28.
918 1734 1025 1823 29)
1045 1740 1070 1778 3
1101 1743 1397 1821 pendent,
1447 1761 1645 1821 quare
1689 1741 1900 1824 ipsam
1944 1741 2118 1804 nullo
2165 1743 2253 1806 ad
2294 1740 2629 1804 historiam
2673 1739 2878 1802 Boni-

641 1827 798 1906 fatii
863 1827 1330 1909 indayandam,
1391 1849 1598 1909 parvo
1666 1831 1755 1893 ad
1826 1850 1929 1894 res
1997 1828 2350 1894 litterarias
2418 1830 2877 1910 coynoscendas

641 1923 944 1980 momento
991 1937 1118 1981 esse
1158 1923 1350 2000 patet.
1453 1917 1611 1982 Cum
1657 1918 1895 1983 codices
1940 1917 2051 2000 qui
2096 1924 2313 1983 ecctant
2369 1938 2579 1981 omnes
2634 1939 2665 1981 e
2713 1916 2876 1981 'Ger-

643 2004 868 2069 mania
913 2005 1232 2086 superiore
1278 2005 1585 2087 oriyinem
1633 2007 1932 2071 duxerint
1983 2013 2167 2088 atque
2226 2029 2258 2071 e
2315 2007 2735 2070 monumentis
2795 2007 2879 2071 ab
2919 2034 2973 2073 15

642 2099 895 2157 auctore
954 2094 1263 2158 adhibitis
1322 2095 1504 2159 Vitae
1558 2096 1882 2160 Pirminii
1935 2103 1995 2160 et
2050 2096 2421 2162 Willibaldi
2482 2097 2571 2160 ad
2626 2101 2878 2158 sanctos

643 2183 920 2246 eiusdem
971 2183 1254 2263 reqionis
1309 2191 1594 2265 spectent,
1658 2186 2017 2266 opusculum
2077 2185 2150 2249 in
2204 2186 2418 2249 eadem
2473 2191 2665 2266 parte
2720 2183 2878 2248 Ger·

642 2271 902 2334 maniae
947 2273 1347 2353 compositum
1392 2293 1521 2336 esse
1564 2274 1830 2338 videtur.

871 2359 1021 2424 Vita
1065 2361 1219 2426 haec
1265 2382 1424 2442 quae
1471 2369 1597 2425 tota
1645 2365 1845 2426 denuo
1892 2365 2177 2426 ederetur
2228 2362 2502 2443 i'ndiyna
2560 2362 2703 2426 visa
2762 2368 2871 2442 est,

640 2451 754 2512 sed
797 2469 904 2512 eae
951 2455 1191 2513 tantum
1224 2451 1591 2532 particulae
1636 2452 1709 2514 in
1752 2452 2119 2516 universum
2166 2451 2484 2515 admissae
2513 2457 2677 2531 sunt,
2712 2470 2877 2531 quae
2914 2479 2969 2516 20

640 2559 719 2602 επ
763 2538 917 2602 aliis
960 2538 1243 2616 fontibus
1272 2542 1559 2622 pendent
1602 2547 1783 2620 atque
1829 2562 1860 2604 e
1905 2539 2293 2606 Willibaldo.
2377 2537 2633 2604 Codices
2663 2545 2875 2604 autem

636 2627 781 2691 noti
817 2633 967 2691 sunt
1007 2634 1166 2692 tres:

859 2711 924 2800 1)
983 2716 1188 2781 Codex
1233 2718 1835 2782 Londiniensis
1880 2717 2100 2782 Addit.
2151 2739 2215 2780 n.
2256 2721 2487 2797 18355‚
2536 2738 2697 2781 saec.
2737 2717 2871 2796 XI,

641 2801 772 2885 (fol.
815 2811 868 2884 1,
917 2827 997 2868 m.
1047 2827 1205 2870 saec.
1242 2803 1502 2889 XVII)
1557 2808 1817 2871 Montis
1866 2807 1929 2870 S.
1968 2807 2290 2890 Georgii4
2342 2812 2530 2869 1652.
2579 2807 2665 2870 Ν.
2722 2812 2868 2883 160,

636 2914 877 2974 mayna
908 2915 983 2957 ex
1016 2901 1204 2974 parte
1237 2892 1368 2977 (fol.
1406 2892 1665 2978 3-80‘)
1700 2919 1743 2960 a
1773 2896 2045 2959 librario
2076 2901 2393 2975 escaratuS,
2433 2895 2550 2976 qui
2576 2895 2875 2959 desinens
2911 2921 2965 2959 25

643 2982 774 3062 (fol.
816 2980 943 3063 80‘)
991 3003 1216 3046 nomen
1259 3005 1441 3046 suum
1485 2984 1587 3048 his
1631 2984 1916 3048 versibus
1961 2984 2266 3048 tradidit:

898 3071 1166 3149 Lector,
1218 3073 1414 3136 finito
1460 3073 1639 3137 libro
1686 3075 1995 3156 quamvis
2044 3073 2222 3136 male
2272 3074 2546 3156 scriptO,

901 3161 1267 3243 Scriptoris
1315 3163 1544 3226 miseri
1592 3183 1849 3226 memor
1897 3165 2042 3227 esto
2090 3163 2201 3246 pie
2253 3163 2599 3232 Dieberiei,

639 3247 808 3312 vitas
851 3255 1212 3312 sanctorum
1256 3250 1538 3314 numeris
1584 3251 1919 3314 distinctas
1978 3251 2251 3314 continet
2316 3272 2454 3314 cum
2522 3250 2694 3314 alias
2739 3256 2873 3314 tum

641 3337 770 3402 loco
807 3339 1087 3400 XXVII
1136 3335 1236 3420 (m.
1286 3339 1370 3402 al.
1421 3359 1580 3403 corr.
1617 3337 1980 3420 XXVIII),
2031 3340 2139 3417 fol.
2178 3338 2513 3418 65‘—69‘,
2564 3339 2636 3404 V.
2667 3338 2871 3403 Boni·
2912 3365 2963 3402 30

635 3426 805 3505 fatii
842 3427 1148 3507 quintam.

856 3511 922 3598 2)
1011 3515 1218 3580 Codex
1290 3516 1971 3581 Einsidtensis
2059 3538 2124 3581 n.
2204 3522 2351 3597 247,
2444 3537 2601 3581 saec.
2687 3516 2867 3597 ΧΙΙ,

631 3625 787 3687 pay.
836 3611 1212 3669 464—484.

856 3689 924 3776 3)
997 3693 1204 3758 Godeoe
1247 3695 1863 3759 Monacensis
1908 3695 2189 3758 Latinus
2246 3716 2310 3758 n.
2362 3699 2533 3757 2552
2590 3691 2869 3776 (Atders-

631 3781 805 3865 pach
853 3776 978 3866 22),
1028 3803 1185 3847 saec.
1239 3783 1414 3863 XII,
1462 3785 1575 3863 fol.
1626 3789 1939 3848 54‘—59.
2909 3807 2961 3846 35

643 3957 696 4023 1)
752 3957 876 4007 Duo
925 3955 1219 4007 Willibaldi
1266 3959 1462 4008 codices
1504 3963 1601 4008 aut
1647 3962 1823 4009 textus
1868 3958 2085 4024 quidam
2133 3960 2339 4009 mixtus
2386 3959 2601 4008 auctori
2646 3963 2871 4022 praesto

641 4029 811 4092 fuisse
845 4027 1106 4092 videntur,
1143 4029 1257 4081 scil.
1295 4029 1482 4080 classis
1517 4031 1550 4082 2
1590 4035 1637 4080 et
1672 4032 1721 4082 4.
1780 4028 1865 4092 Cf.
1892 4044 1931 4083 c.
1962 4032 2045 4086 14.
2070 4027 2347 4096 roborem]
2380 4028 2633 4080 arborem
2656 4027 2783 4078 Vita
2807 4027 2867 4082 V.

633 4115 756 4150 cum
786 4097 1083 4150 Willibaldi
1117 4101 1186 4164 (c.
1221 4100 1280 4158 6)
1315 4099 1574 4151 codicibus
1609 4099 1714 4154 2b1.
1752 4101 1803 4154 4.
1838 4101 1915 4154 4²¹².
1954 4102 2041 4153 4a.
2066 4116 2106 4153 c.
2134 4099 2209 4165 02,-
2249 4101 2318 4152 ib.
2358 4097 2598 4166 metallo]
2637 4098 2869 4150 materie

653 4169 781 4220 Vita
810 4169 869 4224 V.
909 4185 1027 4220 cum
1061 4172 1112 4222 4.
1145 4170 1224 4224 4*.
1261 4171 1346 4223 4a.
1375 4171 1422 4224 b.
1448 4184 1486 4223 c.
1513 4169 1577 4224 οἳ.
1618 4174 1685 4232 5,·
1720 4187 1759 4223 c.
1799 4172 1881 4224 17.
1920 4169 2263 4238 Hugoberto]
2299 4169 2627 4238 Huguber‘oo
2658 4170 2779 4220 Vita
2808 4172 2867 4224 V.

634 4255 759 4292 cum
793 4243 830 4294 4
866 4244 960 4306 (m.
999 4241 1110 4302 aL).
1149 4243 1223 4294 4⁸.
1263 4244 1352 4294 4a.
1379 4241 1423 4294 b.
1461 4240 1583 4304 50²;
1621 4247 1678 4292 at
1712 4243 1781 4295 ib.
1819 4239 2217 4310 Eremvulfum]
2249 4239 2605 4293 Ereavulfum
2634 4241 2759 4291 Vita
2786 4241 2868 4306 V„
2906 4259 2965 4296 40

641 4309 997 4364 ErEavulfum
1033 4314 1123 4376 2a,
1160 4309 1519 4363 Ereanulfum
1556 4311 1678 4373 2d²;
1713 4329 1753 4366 c.
1784 4315 1867 4367 20.
1905 4311 2209 4364 Theodosio
2247 4311 2474 4380 seniore]
2514 4309 2615 4366 Th.
2652 4311 2869 4364 iuniore

654 4381 778 4434 Vita
810 4384 868 4436 V.
908 4399 1026 4435 cum
1057 4383 1360 4435 Willibaldi
1393 4392 1459 4447 (c,
1486 4384 1546 4447 8)
1584 4385 1729 4436 codd.
1756 4385 1829 4437 2α
1854 4388 1963 4450 (pr.
1992 4385 2103 4448 m.).
2130 4383 2176 4437 b.
2197 4399 2235 4438 c.
2256 4383 2331 4436 d1.
2354 4382 2516 4436 εει-Μ.
2674 4381 2729 4451 2)
2766 4382 2867 4438 SS.

634 4453 704 4504 Χ
710 4454 771 4520 V,
811 4457 928 4509 103.
1072 4455 1128 4521 3)
1172 4454 1249 4508 1b.
1290 4471 1348 4520 p.
1388 4457 1455 4509 29
1479 4470 1556 4521 sq.
1700 4453 1756 4524 4)
1796 4455 1871 4508 St.
1910 4455 2273 4521 Georyenbery
2308 4456 2367 4506 in
2410 4454 2581 4507 Tirol.
