3167 5192
96 1516 160 1555 10

102 1961 164 1998 15

111 2848 167 2887 25

114 3294 169 3332 30

114 3736 168 3775 35

446 504 689 562 VITAE
728 504 1137 560 BONIFATII
1172 504 1533 560 AUCTORE
1570 504 1878 561 OTLOHO
1916 504 2151 560 LIBER
2175 506 2224 561 Ι.
2359 509 2458 563 121
2555 588 2561 594 ι

195 696 687 754 huiusmodi
734 696 1201 769 negaverit,
1250 698 1666 770 postremo
1711 698 2016 765 tamen,
2064 696 2461 772 providentia
2489 686 2724 781 Μζῖῗῗῑᾶ·

197 786 496 841 divina
586 783 877 859 predes
896 784 1223 841 tinante
1245 827 1258 852 ,
1351 785 1674 841 convaluit
1763 801 1968 841 sermo
2045 786 2318 859 petentis
2397 788 2462 842 et

196 877 393 931 tanta
410 892 477 931 m
523 873 770 930 abbatis
816 871 1253 948 fratrumque⁸
1308 889 1568 929 suorum
1615 874 1949 931 devotione
1965 892 2030 930 m
2091 892 2120 931 s
2139 875 2239 931 im
2255 875 2335 930 ul
2383 890 2416 930 e
2432 877 2461 930 t

198 981 485 1020 curam
530 963 844 1036 adoptato
890 949 1210 1018 itinerib
1250 961 1551 1019 habere
1599 962 1931 1031 meruit,
1981 967 2056 1020 ut
2100 964 2158 1020 ei
2204 979 2458 1020 neces-

202 1053 419 1109 saria
510 1067 853 1127 quaeque
943 1068 1075 1125 pro
1165 1051 1449 1107 viatico
1525 1051 1946 1126 inpenderent
2017 1052 2246 1108 varia
2265 1070 2293 1109 s
2311 1070 2408 1127 qu
2425 1068 2458 1109 e

202 1140 704 1216 supplicationes
758 1157 935 1196 cum
993 1139 1295 1196 lacrimis
1354 1140 1734 1213 prolatas
1779 1157 1891 1215 pro
1939 1157 2011 1197 eo
2073 1144 2421 1216 agerent
2441 1184 2455 1209 ,

202 1223 647 1307 postulantes
670 1274 683 1300 ‚
764 1224 845 1285 ut
913 1221 1133 1285 bonus
1146 1227 1173 1259 ⁰
1253 1222 1542 1306 angelus
1614 1223 1894 1287 Domini
1966 1244 2191 1287 comes
2204 1218 2234 1260 ‘¹
2311 1224 2457 1287 eius
2480 1247 2536 1294 cr.
2553 1248 2654 1287 rob.
2671 1248 2711 1298 5,
2728 1248 2795 1287 ιτ.

202 1313 469 1396 ubique
518 1314 699 1376 esset
745 1330 1037 1394 eumque
1084 1311 1172 1374 ad
1221 1332 1551 1395 prospera
1599 1316 1852 1376 cuncta
1898 1313 2248 1395 dirigeret.
2341 1319 2400 1375 A
2415 1319 2458 1375 d

200 1409 251 1464 h
266 1426 308 1465 a
324 1425 359 1465 e
373 1425 408 1465 c
469 1408 662 1464 etiam
719 1407 843 1463 duo
860 1424 891 1463 s
950 1405 1110 1463 fratr
1122 1423 1156 1463 e
1173 1424 1203 1463 s
1224 1450 1238 1475 ,
1309 1425 1577 1482 quorum
1646 1408 1950 1482 corporali
2021 1408 2407 1482 spiritalique
2419 1405 2446 1437 θ

202 1497 626 1554 iuvamine
674 1498 1225 1565 sustentaretur,
1275 1513 1492 1553 secum
1551 1483 1824 1553 abiref
1876 1497 2453 1571 permiserunt.

205 1586 477 1660 Sicque
546 1586 873 1659 utriusque
933 1584 1287 1641 hominis
1349 1585 1928 1660 supplemento
1999 1585 2420 1643 suffultus
2440 1629 2454 1654 ,

204 1691 506 1749 prospero
597 1691 631 1731 c
647 1691 691 1729 ιι
706 1692 735 1729 r
751 1691 780 1729 s
798 1691 842 1729 ιι
915 1674 1236 1747 profectus
1329 1678 1429 1731 est
1501 1675 1791 1749 pervenit
1806 1692 1844 1749 q
1860 1692 1904 1731 u
1927 1692 1960 1731 e
2051 1676 2135 1732 ad
2225 1675 2453 1743 locum,

206 1782 245 1839 q
261 1764 341 1820 ui
410 1763 671 1838 antiquo
731 1762 1129 1836 Anglorumg
1192 1780 1227 1819 e
1242 1765 1271 1819 t
1332 1761 1655 1820 Saxonum
1723 1764 2030 1821 vocabulo
2099 1763 2457 1838 appellatur

204 1838 637 1909 Lundenvcrich
690 1868 783 1920 ac,
845 1867 974 1908 non
1019 1852 1223 1909 multo
1269 1855 1594 1909 transacto
1641 1853 2050 1927 postliminiO,
2106 1856 2136 1909 t
2148 1871 2180 1909 r
2195 1869 2234 1909 a
2250 1871 2294 1909 n
2311 1854 2376 1909 si
2393 1853 2458 1909 it

205 1942 290 1998 ad
357 1941 637 2010 Dorstet,
706 1940 917 2015 ibique
985 1940 1353 2015 aliquandiu
1419 1945 1866 2009 commoratuS,
1939 1941 2114 1999 debit
2128 1959 2166 1998 a
2181 1959 2211 1997 s
2228 1928 2248 1971 ¹
2320 1941 2455 1999 Deo

204 2050 247 2105 p
262 2048 297 2087 e
313 2049 345 2087 r
362 2030 551 2087 solvit
597 2030 698 2087 die
743 2017 1105 2104 noctuquek
1140 2030 1215 2085 la
1230 2047 1274 2085 ιι
1289 2030 1332 2086 d
1350 2046 1384 2086 e
1402 2048 1451 2087 s.
1547 2029 1671 2087 Sed
1718 2031 2016 2105 quoniam
2063 2048 2105 2105 p
2122 2048 2196 2087 er
2242 2030 2323 2087 id
2340 2047 2374 2087 e
2390 2048 2456 2087 m

205 2122 234 2176 t
249 2137 283 2176 e
300 2138 366 2175 m
382 2138 423 2194 p
442 2138 483 2176 u
500 2137 529 2175 s
576 2119 823 2176 hostilis
871 2119 1181 2175 dissensio
1229 2123 1441 2176 exorta
1460 2106 1477 2148 ¹
1524 2120 1690 2176 inter
1720 2118 2078 2177 Karolumm
2108 2120 2456 2193 principem

203 2209 676 2284 gloriosumque
738 2208 965 2264 ducem
1026 2208 1409 2265 Francorum
1470 2212 1537 2265 et
1580 2207 1988 2266 Ratbodumn
2042 2224 2256 2283 regem
2316 2208 2456 2265 Fre·

206 2314 439 2355 sonum
506 2297 773 2371 populos
841 2313 919 2353 ex
986 2300 1252 2371 utraque
1320 2302 1500 2371 parte
1568 2298 1987 2373 perturbabat
2055 2299 2455 2372 maximaque

203 2404 355 2462 pars
423 2387 829 2462 ecclesiarum
876 2384 1129 2456 Christi,
1198 2403 1359 2461 quae
1423 2386 1811 2443 Francorum
1875 2387 2048 2462 prius
2113 2388 2180 2442 in
2242 2386 2455 2443 Fresia

206 2475 530 2533 subiectae
591 2478 771 2531 erant
828 2475 1109 2548 imperi0,
1160 2475 1430 2532 Ratbodi
1442 2473 1471 2506 ⁰
1526 2476 1962 2549 persecutione
2023 2475 2452 2543 incumbente,

204 2565 521 2622 idolorum
568 2563 814 2621 cultura
830 2580 864 2620 e
923 2564 1271 2639 lugubriter
1332 2580 1398 2621 re
1418 2564 1460 2621 d
1477 2564 1519 2621 d
1536 2582 1569 2621 e
1584 2565 1626 2621 b
1644 2582 1683 2621 a
1697 2568 1726 2621 t
1740 2582 1784 2621 u
1800 2583 1849 2633 r,
1910 2565 1932 2620 i
1950 2565 1992 2621 d
2013 2582 2046 2621 e
2063 2582 2098 2621 o
2115 2583 2154 2640 q
2169 2583 2208 2620 u
2229 2564 2303 2621 eP
2359 2565 2454 2619 vir

204 2654 347 2722 Dei,
379 2656 709 2727 perspecta
753 2656 783 2709 t
797 2669 835 2710 a
849 2670 893 2708 n
908 2656 938 2709 t
952 2670 989 2709 a
1005 2670 1039 2709 e
1084 2654 1513 2728 perversitatis
1562 2671 1628 2709 m
1645 2670 1679 2710 o
1695 2653 1719 2709 l
1735 2670 1768 2709 e
1788 2695 1803 2722 ‚
1852 2667 1935 2711 ex
1966 2647 2107 2711 illis
2141 2646 2452 2731 partibus

206 2735 526 2800 discessit
572 2739 643 2799 et
695 2741 985 2816 pervenit
1042 2743 1125 2798 ad
1170 2740 1407 2799 Trehtq
1421 2784 1435 2811 ,
1496 2742 1708 2817 ibique
1725 2741 1750 2772 ¹⁸
1805 2760 1839 2799 e
1855 2745 1884 2797 t
1897 2743 1918 2799 i
1933 2760 1972 2799 a
1987 2760 2052 2798 m
2111 2742 2452 2817 aliquantis

205 2849 240 2888 c
254 2849 290 2888 o
304 2850 371 2887 m
390 2850 453 2887 m
472 2847 508 2887 o
527 2849 557 2887 r
570 2832 692 2887 atis
707 2828 730 2860 ⁸
798 2830 1041 2902 diebus,
1100 2830 1543 2888 advenientem
1603 2848 1814 2906 regem
1876 2832 2238 2888 Ratbodum
2254 2821 2275 2860 t
2347 2831 2451 2887 ad·

204 2921 458 2978 locutus
507 2924 622 2989 est,
659 2912 1041 2990 obsecrans
1077 2918 1158 2976 ut
1198 2935 1238 2976 a
1268 2916 1470 2977 tanta
1499 2914 1637 2976 iam
1671 2914 2014 2998 pravitate
2048 2913 2448 2996 quiesceret.

203 3009 401 3066 Post
446 3009 641 3066 haec
687 3026 874 3065 vero
896 3052 909 3076 ‚
957 3010 1421 3084 peragratis
1453 3009 1655 3066 illius
1694 3013 1910 3066 terrae
1954 3009 2257 3084 partibuS,
2293 3010 2455 3065 sol·

204 3099 447 3156 licite
508 3098 1020 3172 exploravit,
1071 3098 1123 3153 si
1170 3098 1479 3155 alicubi
1524 3098 1592 3154 in
1640 3115 1728 3155 ea
1790 3099 2209 3173 provincia
2254 3098 2454 3172 predi·

205 3187 473 3244 cationis
544 3187 662 3244 sibi
729 3190 1003 3261 pateret
1064 3187 1277 3254 locus;
1350 3204 1578 3261 cumq
1597 3204 1689 3244 ue
1760 3188 2162 3244 diuturna
2227 3187 2452 3261 inqui-

207 3277 520 3333 sitione
566 3276 1124 3350 intelligeret,
1159 3292 1239 3331 se
1270 3275 1592 3332 frustra
1637 3276 1940 3333 ibidem
1985 3276 2452 3351 predicando

204 3366 385 3422 labor
402 3382 438 3421 a
454 3368 540 3421 tu
554 3382 584 3420 ι·
598 3382 642 3420 ιι
658 3382 757 3432 ιιι,
842 3365 1018 3422 arida
1109 3364 1427 3439 spiritaliu
1510 3365 1539 3420 f
1553 3382 1587 3421 e
1603 3382 1634 3421 r
1654 3366 1714 3423 ti
1732 3365 1786 3421 li
1802 3368 1831 3421 t
1845 3382 1883 3421 a
1898 3368 1927 3421 t
1942 3382 1975 3421 e
2066 3364 2445 3439 reliqueratV

207 3472 360 3511 arva
408 3457 473 3510 et
515 3454 599 3510 ad
645 3454 859 3510 natale
907 3454 1112 3510 solum
1158 3458 1187 3511 t
1202 3472 1231 3509 r
1245 3470 1283 3509 a
1298 3471 1342 3509 n
1359 3472 1387 3511 s
1406 3453 1718 3528 migravit.

421 3535 528 3613 (6).
598 3542 928 3599 Interea
973 3543 1145 3600 acci
1167 3543 1314 3611 dit,
1353 3547 1438 3600 ut
1484 3543 1980 3601 monasterii
2027 3542 2152 3598 sui
2196 3544 2449 3615 pater,
2481 3528 2716 3621 Wssfigffffl·

207 3632 495 3706 deposito
556 3632 833 3688 carnis
893 3632 1229 3706 ergastulo,
1288 3631 1543 3689 vitam
1600 3634 2074 3707 presentem
2133 3630 2447 3687 finiret.

207 3720 256 3777 C
276 3721 461 3777 uius
522 3720 711 3777 obitu
760 3720 987 3777 fratres
1047 3721 1383 3777 nimium
1442 3721 1865 3789 contristati,
1933 3721 2046 3777 sed
2111 3737 2148 3776 a
2212 3719 2450 3776 beato

206 3810 285 3866 vi
303 3828 334 3865 r
350 3826 387 3867 o
434 3808 861 3884 spiritalibusu
914 3809 1235 3884 colloquiis
1283 3810 1304 3865 l
1321 3826 1357 3865 a
1376 3826 1409 3865 e
1425 3812 1453 3865 t
1468 3810 1489 3864 i
1506 3808 1616 3866 fic
1633 3828 1672 3866 a
1686 3813 1714 3866 t
1728 3808 1799 3865 iW
1847 3826 1881 3866 e
1897 3812 1944 3877 t,
2007 3812 2099 3876 ut,
2147 3808 2451 3883 regularis

206 3918 249 3955 v
263 3899 284 3954 i
299 3902 329 3955 t
342 3916 382 3955 a
398 3915 432 3955 e
500 3915 789 3979 normam
858 3880 1160 3955 conserva
1175 3916 1218 3953 n
1237 3902 1265 3955 t
1280 3915 1313 3954 e
1330 3915 1359 3954 s
1380 3940 1393 3966 ,
1465 3902 1609 3972 patr
1623 3915 1657 3955 e
1674 3917 1737 3954 m
1809 3916 1848 3973 q
1863 3917 1907 3954 u
1923 3915 1957 3955 e
1975 3916 2040 3953 m
2055 3897 2209 3954 libet
2277 3897 2452 3971 spiri-

422 4101 525 4142 vn.
583 4101 717 4149 Gapp.
746 4100 789 4139 ὃ.
819 4100 861 4139 Β.
918 4102 957 4139 1.
989 4101 1056 4139 2α.
1074 4101 1114 4140 b.
1130 4112 1167 4139 c.

207 4191 252 4242 a)
281 4200 369 4239 que
396 4200 608 4237 superscr.
640 4190 701 4227 2⁶.
811 4189 857 4239 b)
886 4188 1047 4227 itinere
1077 4190 1114 4232 1.
1222 4188 1263 4239 c)
1291 4190 1353 4228 ita
1373 4191 1420 4240 13
1451 4200 1553 4238 ang.
1575 4190 1634 4228 D.
1655 4190 1801 4228 bonus
1830 4189 1928 4228 rell.
1957 4191 2077 4237 (ang.
2101 4188 2187 4226 Dei
2215 4187 2258 4225 b.
2287 4186 2449 4234 Vnda).

116 4252 171 4290 40
208 4243 256 4294 d)
286 4244 399 4293 (eius
420 4244 493 4282 nb.
514 4244 747 4291 super-scm)
777 4252 923 4281 comes
954 4243 1014 4281 2ο.
1113 4242 1153 4293 e)
1183 4243 1247 4280 ita
1268 4245 1315 4293 13
1346 4243 1567 4293 spiritual.
1591 4242 1686 4282 rell.
1784 4244 1820 4290 f)
1841 4243 1906 4281 ire
1928 4243 1967 4281 1.
2065 4243 2112 4291 g)
2133 4240 2367 4289 angiorum
2388 4241 2448 4278 2ο.

208 4298 255 4349 h)
286 4297 456 4346 partim
484 4297 531 4334 in
559 4296 694 4335 litura
722 4296 791 4337 2a.
923 4294 955 4343 i)
991 4296 1090 4335 Deo
1119 4297 1218 4338 deb.
1246 4297 1313 4335 2b.
1452 4296 1498 4347 k)
1537 4302 1758 4344 nocteque
1787 4296 1858 4334 201.
1875 4308 1910 4334 c.
2049 4296 2082 4342 1)
2122 4299 2189 4333 est
2218 4294 2338 4341 aad„
2377 4294 2452 4331 sed

207 4354 408 4399 expunct.
440 4351 501 4388 20.
630 4349 693 4400 m)
721 4349 929 4387 Kalolum
959 4350 999 4397 1,
1026 4360 1140 4388 corr.
1277 4349 1324 4401 n)
1355 4354 1373 4387 t
1400 4360 1511 4388 erae.
1541 4350 1622 4396 2b;
1649 4346 1888 4398 Rapodum
1918 4350 1957 4387 1.
2095 4350 2139 4394 ο)
2167 4344 2342 4386 Rabodi
2373 4346 2424 4383 21>
2435 4360 2452 4393 ,-

206 4402 383 4452 Rapodi
412 4406 451 4443 1.
616 4404 661 4451 p)
691 4413 779 4451 que
807 4413 919 4441 eras.
948 4403 1018 4441 2a.
1182 4403 1226 4450 q)
1256 4403 1397 4442 Treth
1429 4406 1467 4442 1.
1498 4403 1550 4441 21>
1577 4406 1686 4448 (non
1713 4403 1776 4451 8).
1941 4403 1980 4449 r)
2019 4410 2105 4449 que
2132 4410 2348 4450 superscr.
2379 4400 2451 4438 2α.

207 4458 245 4508 s)
274 4458 340 4496 ita
370 4460 408 4496 1.
430 4459 471 4497 8.
493 4456 574 4504 δας
602 4460 899 4495 commoratus
927 4456 1022 4494 rell.
1135 4456 1169 4502 t)
1198 4454 1433 4495 Rabodum
1461 4456 1512 4494 21>
1521 4469 1538 4502 ;
1565 4454 1803 4505 Rapodum
1833 4457 1873 4494 1.
1984 4458 2031 4502 u)
2058 4455 2122 4492 ita
2152 4456 2199 4503 1;
2229 4452 2453 4503 spiritual.

120 4516 171 4557 45
207 4511 304 4549 rell.
334 4515 373 4549 et
400 4511 467 4549 εἰσ
493 4510 703 4558 deinceps.
814 4511 859 4557 v)
889 4510 951 4547 ita
980 4511 1028 4558 1;
1058 4520 1167 4548 arva
1197 4509 1445 4561 reliquid(t)
1474 4510 1571 4548 rell.
1683 4512 1741 4558 w)
1773 4507 1971 4549 edificati
2000 4510 2039 4547 1.
