3167 5192
682 489 786 559 ‚1⁷2
901 485 1142 541 VITAE
1176 484 1583 541 BONIFATH
1619 484 1977 541 AUCTORE
2013 483 2318 541 OTLOHO
2355 485 2593 541 LIBER
2613 484 2693 539 11.

433 674 958 749 Epiet.59.e1)iscop2⁰8
1003 679 1058 732 et
1098 674 1354 733 dimissis
1411 673 1665 747 antiquis
1707 674 1973 756 ecclesiis,
2032 674 2095 735 in
2156 676 2366 735 talibus
2424 674 2563 735 locis
2621 679 2931 733 conventus

683 782 720 822 a
741 783 776 837 9
800 782 829 822 3
851 782 886 821 r
909 782 936 821 e
959 781 998 821 n
1021 769 1046 821 t
1065 809 1084 832 ‚
1131 762 1404 822 dicentes:
1453 761 1693 821 ‘Merita
1749 764 1934 822 sancti
1977 763 2311 824 Aldeberti²
2364 764 2718 823 adiuvabant
2772 763 2927 822 nos'.

690 853 945 928 Unqulas
1004 870 1039 927 q
1061 871 1102 910 u
1125 870 1158 910 ο
1180 870 1215 925 q
1239 870 1279 909 u
1301 870 1330 910 e
1373 869 1512 910 suas
1557 856 1613 910 et
1668 852 1908 926 capi-llos
1966 853 2125 913 dedit
2181 853 2259 912 ad
2316 852 2804 925 honorificandum
2870 856 2933 910 et

671 940 1026 1016 portandum
1100 959 1227 999 cum
1301 940 1566 1015 reliquiis
1645 941 1830 1000 sancti
1902 941 2071 1000 Petri
2141 942 2435 1017 principis
2508 942 2923 1017 apostolorum.

688 1029 1002 1089 Tantis
1057 1030 1361 1104 itaque
1421 1029 1850 1104 flayitiis
1902 1031 2408 1100 involutus,
2461 1048 2925 1105 presump-
2965 1044 2993 1085 ⁶

680 1138 710 1177 3
734 1119 804 1177 it
858 1137 894 1192 q
916 1137 956 1177 u
977 1118 1002 1177 i
1025 1118 1066 1177 d
1085 1119 1126 1178 d
1148 1138 1186 1177 a
1207 1107 1334 1186 mh,
1390 1118 1539 1193 quod
1582 1118 1903 1177 maa-imum
1958 1121 2141 1179 scelus
2200 1125 2255 1179 et
2310 1119 2663 1194 blasphemia
2720 1124 2927 1177 contra

682 1210 873 1279 Deum
940 1225 1058 1266 esse
1123 1207 1360 1266 videtu
1383 1226 1434 1265 r.
1539 1207 1793 1266 Venienti
1844 1208 1993 1267 enim
2049 1210 2269 1283 populo
2328 1214 2383 1267 et
2430 1212 2731 1284 prostrato
2790 1212 2926 1266 ante

672 1296 859 1370 pedus
911 1297 1033 1355 eius
1091 1301 1146 1355 et
1201 1296 1448 1370 cupienti
1505 1295 1763 1368 confiteri
1809 1303 2048 1370 peccata
2106 1316 2216 1357 sua
2272 1298 2456 1357 dioeit:
2518 1296 2669 1357 ‘Scio
2727 1296 2925 1355 omnia

671 1390 910 1459 peccata
954 1390 1166 1455 vestra,
1212 1385 1350 1459 quia
1393 1384 1538 1443 milti
1581 1384 1805 1459 coqnita
1849 1391 1984 1445 sunt
2026 1388 2242 1446 occulta
2292 1385 2522 1446 vestra⁰
2539 1433 2553 1445 .
2659 1385 2795 1444 Non
2838 1389 2928 1443 est

683 1492 824 1548 opus
899 1472 1156 1545 confiteri
1228 1492 1319 1534 ea
1340 1496 1362 1547 ;
1435 1474 1625 1532 securi
1699 1464 1939 1549 eryo‘1
2022 1480 2077 1534 et
2148 1476 2393 1536 absoluti
2467 1475 2558 1535 de
2623 1474 2927 1548 peccatis
2965 1490 3017 1527 10

681 1563 931 1622 vestris
993 1562 1286 1637 preteriti
1307 1580 1338 1621 3
1412 1562 1767 1621 revertimini
1834 1563 1912 1623 ad
1977 1564 2171 1623 domos
2235 1569 2458 1623 vestras
2524 1582 2651 1623 cum
2714 1582 2865 1638 pace
2880 1562 2922 1621 ’.

681 1652 914 1710 Haec
969 1652 1261 1726 iyitur
1314 1657 1570 1726 atque
1628 1652 1762 1710 his
1819 1653 2213 1722 similia,
2260 1672 2406 1727 quae
2448 1658 2707 1712 sanctum
2750 1671 2923 1732 euan-

679 1740 890 1816 9elium
933 1740 1226 1814 ypocritas
1270 1742 1629 1811 facturos
1674 1758 1831 1800 esse
1876 1746 2135 1811 testatur,
2181 1742 2373 1801 idem
2408 1740 2915 1801 Aldebertus⁰

680 1848 785 1889 suo
829 1830 1026 1888 habitu
1070 1834 1126 1887 et
1165 1829 1387 1888 incessu
1430 1818 1871 1903 moribusquef
1908 1832 2223 1905 operari
2266 1831 2476 1890 solet.

896 1916 1063 1977 Alter
1107 1922 1296 1977 autem
1325 1918 1623 1988 hereticuS,
1656 1919 1757 1993 qui
1800 1918 2014 1978 dicitur
2048 1918 2321 1991 Clemens,
2360 1924 2557 1979 contra
2587 1919 2927 1978 catholica-m
2964 1932 3015 1971 1⁵

683 2006 965 2066 contendit
1018 2007 1328 2085 ecclesiam,
1388 2008 1603 2082 abneya
1624 2027 1664 2066 n
1685 2026 1716 2066 3
1780 2025 1811 2066 3
1835 2026 1863 2067 3
1884 2008 1909 2066 i
1932 2008 1999 2067 li
2022 2027 2051 2067 c
2074 2028 2102 2067 e
2127 2013 2151 2067 t
2205 2013 2261 2067 et
2314 2011 2514 2079 refuta
2536 2027 2575 2067 n
2596 2026 2627 2066 3
2684 2026 2927 2068 canones

682 2114 1031 2165 sacros,
1093 2095 1415 2155 tractatus&
1465 2100 1520 2154 et
1577 2092 2250 2170 eoepositionesl
2304 2102 2631 2157 sanctorum
2677 2102 2927 2171 patrum

683 2184 1017 2243 Hieronimi
1037 2174 1098 2255 ¹¹,
1179 2183 1489 2258 Auyustini
1510 2172 1565 2255 ¹,
1640 2185 1928 2260 Greqorii.
2060 2184 2379 2259 Synodalia
2456 2205 2487 2244 e
2512 2186 2578 2245 ti
2601 2204 2639 2244 a
2660 2204 2719 2244 m
2786 2186 2927 2245 iura

683 2292 973 2347 sperwis,
1021 2272 1310 2345 affirmat,
1342 2292 1402 2331 se
1435 2278 1575 2348 post
1616 2274 1759 2333 duos
1803 2274 1957 2346 filios
1999 2264 2154 2333 sibik
2189 2276 2253 2334 in
2298 2274 2583 2334 adulterio
2610 2279 2775 2333 natos
2806 2292 2927 2333 esse

673 2380 846 2437 posse
891 2362 1030 2437 leyis
1088 2362 1434 2421 christianae
1491 2362 1831 2436 episcopum.
1939 2363 2001 2422 P
2019 2383 2054 2422 r
2076 2383 2105 2423 3
2129 2369 2153 2422 t
2173 2382 2202 2421 3
2225 2383 2260 2422 r
2282 2382 2311 2421 3
2334 2382 2371 2422 a
2416 2362 2781 2423 Iudaismum
2836 2363 2924 2423 in·
2964 2377 3019 2416 20

687 2455 758 2509 tr
773 2469 804 2508 o
818 2452 1044 2522 ducens,
1090 2450 1304 2510 iustum
1349 2439 1501 2510 esse¹
1545 2451 1766 2511 iudicat
1809 2452 2140 2523 christiam,
2186 2457 2253 2511 ut
2294 2452 2349 2511 si
2390 2452 2639 2512 voluerit
2685 2452 2927 2511 viduam

687 2541 902 2610 fratris
946 2540 1203 2611 defuncti
1254 2540 1504 2614 accipiat
1557 2559 1813 2600 umorem.
1918 2541 1965 2600 I
1968 2560 2017 2615 p
2040 2560 2070 2601 3
2092 2560 2121 2599 3
2180 2560 2209 2599 3
2234 2542 2299 2600 ti
2322 2560 2361 2600 a
2382 2560 2440 2599 m
2498 2545 2695 2600 contra
2751 2540 2927 2614 fidem

683 2629 1058 2688 sanctorumm
1105 2633 1349 2702 patrum
1407 2630 1705 2699 contendit,
1765 2630 1973 2699 dicens,
2033 2631 2183 2704 quod
2231 2628 2513 2701 Christus‘,
2572 2628 2732 2702 filius
2784 2630 2925 2699 Dei,

684 2718 1017 2777 descendens
1061 2718 1139 2777 ad
1181 2718 1424 2789 inferos,
1473 2736 1680 2789 omnes,
1740 2737 1879 2793 quos
1937 2719 2160 2791 inferni
2220 2737 2416 2778 carcer
2474 2719 2734 2787 detinuit,
2790 2718 2927 2777 inde

685 2807 998 2876 liberasset,
1046 2807 1304 2866 credulos
1348 2827 1384 2865 v
1405 2807 1430 2865 i
1452 2807 1492 2865 d
1513 2826 1542 2866 e
1565 2808 1587 2866 l
1609 2808 1634 2865 i
1656 2826 1686 2866 c
1708 2827 1737 2867 3
1761 2808 1821 2867 t¹¹
1860 2813 1915 2867 et
1947 2809 2269 2868 incredulos
2314 2828 2353 2867 n
2375 2827 2404 2867 e
2426 2827 2455 2867 c
2476 2827 2517 2867 n
2539 2826 2571 2867 o
2593 2827 2633 2867 n
2678 2808 2926 2867 cultores
2964 2820 3016 2860 2⁵

682 2894 986 2954 idolorum.
1091 2895 1286 2954 Multa
1354 2914 1390 2970 q
1412 2915 1452 2954 u
1475 2914 1507 2954 o
1530 2914 1566 2970 q
1589 2915 1630 2954 u
1652 2916 1681 2955 3
1749 2897 1873 2957 alia
1934 2896 2242 2957 horribilia
2300 2902 2377 2955 et
2432 2896 2727 2956 contraria
2782 2895 2925 2969 fidei

685 2984 992 3042 catholicae
1035 2985 1104 3043 de
1136 2985 1621 3057 predestinatione
1650 2985 1766 3044 Dei
1810 2984 2097 3057 affirmat.
2182 2986 2545 3063 Quapropter
2578 3004 2811 3059 precor,
2857 2990 2933 3044 ut

676 3072 829 3146 per⁰
885 3073 1085 3131 literas
1127 3078 1348 3131 vestras
1393 3074 1461 3131 de
1507 3074 1609 3132 hoc
1652 3074 1893 3133 heretico
1936 3076 2214 3135 mandare
2259 3075 2469 3134 curetis
2525 3074 2659 3134 duci
2702 3074 2921 3133 Karlo-

685 3162 960 3230 mannol’,
1029 3166 1096 3220 ut
1159 3162 1422 3220 mittatur
1479 3162 1542 3220 in
1596 3163 1929 3234 custodiam,
1988 3183 2027 3221 n
2050 3183 2079 3223 e
2100 3210 2121 3235 ,
2174 3164 2394 3224 semina
2448 3168 2686 3223 satanae
2743 3164 2924 3222 latius

683 3250 864 3309 semin
887 3268 924 3309 a
945 3270 986 3309 n
1006 3268 1036 3309 s
1057 3296 1078 3319 ,
1137 3270 1255 3309 una
1309 3251 1432 3310 ovis
1497 3250 1803 3311 morbida‘l
1869 3256 2043 3311 totum
2098 3271 2320 3327 yreyem
2366 3253 2614 3326 polluat.
2719 3253 2924 3311 Valere
2964 3264 3015 3303 ⁸0

683 3339 1041 3398 sanctitatem
1105 3344 1356 3399 vestram
1414 3344 1468 3399 et
1513 3341 1819 3415 prosperis
1866 3342 2226 3415 profectibus
2240 3342 2266 3373 r
2318 3342 2568 3416 qaudere
2622 3341 2683 3401 in
2746 3341 2921 3416 lonqi-

686 3428 972 3487 tudinem⁸
1024 3428 1248 3488 dierum
1293 3429 1601 3503 optamus'.

903 3516 1152 3591 Cumque
1197 3518 1352 3577 lecta
1396 3522 1540 3577 esset
1581 3518 1944 3592 epistola,
1998 3509 2359 3577 Zacharias‘
2414 3518 2710 3578 sanctus⁰
2753 3537 2923 3593 papa

685 3605 868 3665 dioeit:
917 3604 1217 3675 ‘Audistis,
1272 3606 1572 3669 karissimi
1618 3608 1861 3678 fratres,
1919 3607 2061 3683 quid
2116 3607 2179 3667 in
2235 3608 2351 3666 ista
2408 3607 2650 3682 epistola
2708 3608 2923 3666 lectum

683 3694 765 3753 sit
806 3713 879 3753 ex
921 3695 1217 3770 sacrileqis
1260 3696 1402 3764 illis,
1450 3696 1550 3769 qui
1594 3714 1655 3755 33
1698 3696 1777 3755 ad
1818 3714 1985 3755 suam
2028 3696 2581 3771 condempnationem
2638 3696 2924 3771 apostolos
2960 3706 3013 3749 ⁸⁵

684 3784 1071 3843 nominare
1113 3785 1795 3859 presumpserunt’.
1890 3783 2102 3845 Sancti
2160 3785 2409 3859 episcopi
2464 3790 2520 3843 et
2573 3784 2923 3844 venerabiles

675 3872 987 3944 presbiteri
1015 3872 1457 3947 responderunt:
1505 3871 1870 3933 ‘Audivimus
1914 3879 2061 3933 certe
2095 3892 2209 3948 per
2254 3874 2445 3933 omnia
2474 3893 2588 3933 non
2616 3874 2921 3948 apostolos,

900 4041 1004 4081 vn.
1059 4042 1166 4090 cap.
1192 4042 1235 4085 4.
1295 4043 1336 4081 1.
1364 4041 1543 4084 naam.

686 4128 730 4179 ο.)
760 4128 938 4169 Alberti
965 4131 1003 4173 1.
1128 4130 1173 4181 b)
1203 4127 1431 4179 quoddam
1458 4131 1529 4172 Βα.
1659 4129 1702 4181 o)
1729 4127 1924 4179 ideoque
1951 4132 2054 4170 add.
2086 4132 2154 4171 2α.
2172 4131 2210 4173 b.
2222 4142 2258 4172 c.
2387 4128 2435 4181 d)
2464 4131 2511 4169 ln
2536 4140 2679 4179 mara.
2707 4130 2851 4178 suppl.
2879 4131 2919 4169 1.

687 4184 730 4231 e)
757 4180 1001 4222 Aldbertus
1028 4183 1068 4223 1.
1196 4184 1231 4235 ί)
1260 4194 1347 4232 que
1375 4194 1459 4223 om.
1491 4184 1557 4224 2b.
1686 4185 1729 4235 g)
1758 4195 1909 4223 saeros
1939 4184 2044 4223 add.
2075 4186 2113 4227 1.
2250 4184 2297 4237 h)
2327 4185 2476 4224 Ieron.
2506 4185 2639 4232 (corr.
2668 4193 2723 4222 ατ
2750 4183 2916 4223 Horon.
2958 4187 3013 4225 40

687 4236 756 4285 23)
786 4238 825 4275 1.
857 4237 917 4279 23.
1023 4237 1056 4286 i)
1085 4241 1131 4275 et
1158 4236 1258 4278 add.
1292 4237 1413 4280 2a.b.
1433 4248 1468 4280 c.
1574 4236 1623 4288 k)
1653 4247 1737 4280 om.
1756 4238 1823 4277 212.
1933 4238 1966 4288 1)
1993 4238 2087 4277 iud.
2117 4248 2216 4277 esse
2243 4237 2368 4281 2a.b.
2386 4249 2423 4276 c.
2534 4237 2594 4289 m)
2623 4241 2803 4285 eoum).
2823 4248 2861 4275 n.
2883 4238 2920 4279 1.

686 4288 733 4337 n)
765 4300 942 4337 quoque
961 4300 1050 4337 pro
1077 4287 1172 4330 vid.
1203 4292 1268 4330 20.
1396 4291 1440 4339 o)
1468 4301 1552 4330 om.
1584 4292 1703 4331 2a.b.
1721 4302 1757 4333 c.
1882 4291 1929 4341 p)
1958 4290 2187 4333 Karolom.
2215 4292 2255 4331 1.
2384 4290 2429 4341 q)
2459 4288 2685 4330 mox-itudo
2711 4290 2780 4339 2⁶,
2808 4300 2921 4331 corr.

686 4342 726 4393 r)
754 4343 1044 4391 provectibus
1071 4344 1138 4387 2⁶.
1244 4344 1283 4394 s)
1311 4342 1593 4391 longitudsne
1622 4344 1673 4383 21>
1702 4344 1780 4391 (cf.
1810 4354 1947 4393 eupra
1966 4355 2017 4394 p.
2043 4344 2137 4393 163,
2156 4344 2246 4394 24).
2358 4344 2391 4395 t)
2419 4343 2642 4383 zacha-la.
2668 4343 2737 4382 2b.

687 4464 740 4535 1)
777 4464 1100 4519 Intellectus
1135 4467 1231 4519 hoc
1267 4468 1392 4535 loco,
1431 4466 1801 4535 expositiones
1835 4468 1995 4532 infra
2023 4484 2083 4535 p.
2120 4470 2239 4533 173,
2269 4471 2301 4524 6
2340 4468 2511 4537 Epist.
