3167 5192
648 475 732 532 72-
1262 470 1454 528 VITA
1492 468 1806 527 ALTERA
1842 468 2261 527 BONIFA'I'II.

650 657 936 723 eximius
1009 656 1085 719 in
1151 654 1567 719 monasterio
1634 654 1826 718 11102·
1850 652 1873 692 ¹
1941 654 2029 717 ad
2098 653 2376 718 laudem
2445 656 2517 719 et
2584 652 2901 736 gloriam

648 745 944 811 nominis
1003 737 1178 810 Deib
1246 746 1760 827 aggregaverat.
1868 742 2041 807 Cum
2111 743 2245 806 hiis
2314 762 2477 827 ergo
2546 740 2905 827 processit

649 835 738 899 ad
784 834 1142 899 ecclesiam
1189 836 1262 898 et
1307 853 1461 897 cum
1509 832 1869 896 orantibus
1916 831 2207 906 oravitss,
2256 852 2413 896 cum
2444 830 2901 915 gementibus

648 918 982 1007 gemuitd,
1053 942 1209 986 cum
1268 920 1814 985 lamentantibus
1882 920 2091 996 flevit,
2164 940 2319 985 cum
2389 919 2902 1003 plangentibus

651 1011 1180 1075 willibrordum
1257 1010 1544 1074 acriter⁰
1624 1008 1927 1092 planxit;
1997 1028 2157 1073 nam
2228 1012 2299 1071 et
2364 1002 2553 1092 ipsef
2628 1011 2898 1072 tantog
2942 1029 2971 1067 r>

650 1101 832 1185 patri
879 1120 1144 1164 summo
1193 1091 1466 1163 amore¹¹
1517 1098 1878 1161 devinctus
1927 1090 2193 1162 fuerat¹
2254 1100 2326 1161 et
2372 1097 2899 1163 confederatus.

861 1200 1015 1291 (14).
1131 1204 1306 1270 Cum
1382 1208 1618 1269 autem
1686 1204 2220 1287 pertransissent
2296 1204 2441 1267 dies
2508 1204 2740 1268 luctus
2818 1206 2901 1268 et

649 1295 960 1374 tristicie,
1022 1314 1346 1360 accensus
1405 1297 1511 1359 est
1571 1293 1803 1377 presul
1865 1286 2443 1357 facundissimusk
2511 1292 2599 1356 ad
2661 1292 2900 1377 predi-

651 1385 943 1450 candum
993 1376 1511 1467 accinctusque¹
1573 1385 1680 1447 est
1736 1380 1935 1446 miles
1980 1382 2471 1446 invictissimus
2518 1382 2606 1445 ad
2652 1381 2899 1465 agoni-

649 1474 962 1551 zandum,
1024 1472 1472 1556 querentique
1541 1474 1784 1555 aptum
1853 1470 2307 1554 predicationi
2374 1470 2603 1535 locum
2671 1474 2899 1553 atque
2940 1492 2995 1531 ιο

651 1562 1013 1628 certamini
1057 1564 1407 1626 ostensum
1439 1564 1543 1626 est
1572 1560 1680 1624 illi
1714 1559 2064 1635 divinitus,
2099 1578 2244 1623 esse
2277 1559 2605 1642 quasdam
2639 1563 2899 1643 gentes

649 1653 724 1715 in
769 1652 1054 1716 littorelm
1099 1650 1379 1715 occeani
1424 1650 1612 1727 sitae,
1661 1648 1909 1732 quibus
1956 1669 2113 1713 eum
2161 1648 2645 1731 ewangelizare
2692 1668 2899 1731 opor·

394 1765 484 1808 tae.
503 1766 542 1813 ι,
563 1766 628 1807 12.
648 1744 850 1816 teret,
912 1741 1440 1825 percepturum¹¹
1498 1739 1683 1802 inter
1741 1737 1899 1802 illas
1959 1756 2256 1801 coronam
2313 1734 2469 1817 vite,
2536 1754 2726 1816 quam
2794 1756 2898 1801 re·

639 1826 940 1909 promisit
1005 1826 1184 1891 Deus
1251 1824 1658 1907 diliyentibus
1723 1846 1808 1889 se.
1922 1825 2247 1910 Protinus
2324 1846 2485 1909 ergo
2564 1824 2898 1909 procellis

653 1916 986 1981 credidit⁰
1019 1936 1090 1981 se
1121 1915 1534 1992 fluvialibus,
1569 1919 1937 1997 austroque
1968 1915 2103 1978 iter
2132 1914 2575 1989 secundante,
2612 1912 2897 1979 delatus
2937 1931 2988 1971 15

652 2007 724 2069 in
755 2004 1072 2081 insulam,
1106 2025 1238 2088 que
1270 2024 1578 2069 sermone
1611 2003 1837 2087 patrio
1870 2002 2237 2068 Ostrikhel’
2275 2003 2530 2067 dicitur
2548 2004 2590 2081 ²,
2625 2004 2895 2086 gratias

656 2094 799 2177 egit
847 2094 1014 2170 Dec,
1065 2093 1414 2158 confidens
1475 2092 1608 2156 sibi
1668 2092 1999 2175 posthac‘1
2051 2112 2274 2175 neque
2333 2092 2601 2155 luctum
2660 2112 2894 2175 neque

654 2182 1056 2259 clamorem,
1123 2182 1243 2245 sed
1312 2201 1533 2264 neque
1606 2180 1911 2245 dolorem
1980 2179 2125 2244 ullo
2198 2180 2399 2245 modo
2465 2181 2890 2257 nociturum,

655 2270 1206 2354 quandoquidem
1253 2270 1344 2334 sit
1390 2270 1517 2334 hec
1550 2270 1782 2334 omnia
1811 2270 1886 2332 in
1916 2269 2154 2333 eadem
2186 2270 2414 2333 insula
2444 2270 2889 2333 transiturus,

321 2382 478 2429 ema.
491 2383 638 2431 28,1.2.
658 2359 770 2423 Sic
847 2362 918 2423 et
994 2359 1157 2424 olim
1227 2358 1485 2422 Paulus
1561 2358 1652 2421 ad
1729 2358 2080 2423 victimam
2157 2379 2528 2441 properans
2606 2359 2893 2423 devenit
2931 2377 2987 2415 20

655 2448 1037 2513 Miletemr.
1153 2448 1288 2512 Sed
1357 2447 1617 2511 Paulus
1686 2451 1791 2511 est
1861 2447 1947 2511 ab
2015 2446 2259 2511 incolis
2326 2447 2503 2510 miss
2584 2448 2892 2511 humane

635 2540 1016 2615 tractatus,
1077 2538 1208 2601 iste
1268 2558 1310 2600 a
1369 2532 1821 2600 Fresonibust
1881 2536 2316 2601 contumeliis
2377 2538 2449 2599 et
2505 2537 2891 2601 terroribus

462 2649 520 2691 ab.
541 2660 579 2693 v.
599 2650 638 2691 a.
656 2626 1034 2691 lacessitus.
1128 2625 1330 2689 Illius
1377 2646 1654 2688 manum
1703 2626 1940 2708 vipera
1985 2625 2372 2699 momordit,
2421 2625 2627 2688 huius
2676 2629 2889 2709 caput

435 2737 494 2778 ω.
513 2749 552 2782 υ.
571 2739 638 2781 14.
658 2715 1036 2799 spiculator
1107 2714 1360 2797 impius
1436 2714 1893 2798 amputavitu.
2016 2713 2273 2777 Paulus
2356 2713 2519 2777 inde
2594 2714 2887 2777 Romam

656 2804 1028 2887 navigavit,
1064 2803 1463 2867 Bonifacius
1505 2804 1702 2867 istic⁰
1745 2822 2018 2867 cursum
2061 2802 2579 2866 consummavit.
2658 2803 2890 2866 Multa
2928 2820 2983 2859 2⁶

656 2897 892 2957 tamen
962 2895 1378 2956 concurrunt
1443 2892 1859 2956 documenta
1915 2891 2272 2967 virtutum,
2344 2912 2483 2954 una
2540 2891 2887 2969 voluntas,

659 3002 784 3065 par
827 2980 1198 3065 navigatio,
1247 2980 1444 3045 labor
1475 2980 1735 3056 similis,
1772 2980 2064 3044 affectus
2096 2980 2379 3063 equalis.
2460 2979 2594 3043 Sed
2627 2979 2891 3043 Paulus

657 3070 1001 3153 magister,
1050 3069 1182 3133 iste
1229 3068 1629 3153 discipulus,
1677 3069 1841 3133 illev
1880 3068 2193 3153 gentium
2240 3069 2499 3145 doctor,
2548 3069 2681 3133 iste
2727 3067 2891 3133 Ger-

870 3276 954 3317 111.
1015 3277 1147 3325 capp.
1177 3278 1241 3317 13.
1273 3278 1337 3319 14.
1402 3278 1440 3316 1.
1472 3278 1539 3317 za.
1561 3276 1601 3317 b.

657 3366 701 3417 a)
731 3375 854 3404 versu
881 3374 948 3409 ex.
975 3376 1058 3408 om.
1084 3366 1152 3407 2a.
1289 3366 1335 3417 b)
1373 3365 1554 3405 Domini
1582 3363 1621 3407 1.
1760 3366 1803 3417 c)
1842 3367 2001 3405 orabat
2030 3366 2095 3405 2b.
2234 3363 2280 3416 d)
2318 3376 2377 3415 g„
2409 3374 2510 3403 cum
2536 3365 2639 3403 lam.
2671 3365 2717 3401 in
2744 3374 2889 3412 mar-9.
2929 3370 2981 3409 30

657 3419 798 3467 cml.
826 3420 894 3458 201.
1003 3419 1046 3470 e)
1075 3430 1156 3461 om.
1187 3421 1224 3460 1.
1335 3420 1368 3470 f)
1399 3420 1495 3467 ipso
1525 3420 1595 3459 20.
1618 3419 1656 3460 b.
1769 3420 1812 3471 g)
1842 3424 1940 3459 tant
1968 3421 2013 3458 in
2042 3430 2131 3460 ras.
2164 3420 2228 3460 211.
2339 3419 2386 3469 h)
2414 3417 2585 3469 am(ore
2611 3418 2658 3455 in
2686 3418 2791 3467 ras.)
2821 3418 2891 3459 22³.

657 3472 690 3523 i)
719 3477 788 3511 est
815 3472 888 3511 vel
916 3473 1065 3511 tuerat
1095 3474 1133 3513 1.
1234 3472 1280 3523 k)
1311 3470 1694 3511 racunditissimus
1714 3474 1781 3512 2α.
1883 3473 1915 3524 1)
1946 3484 2033 3521 que
2062 3483 2145 3513 om,
2178 3472 2216 3512 1.
2317 3472 2377 3523 m)
2406 3472 2530 3511 litori
2548 3473 2615 3510 2α.
2718 3471 2765 3521 n)
2786 3482 2893 3519 per-

658 3530 870 3574 cepturus
888 3526 957 3565 za.
1067 3525 1110 3577 o)
1139 3537 1188 3565 se
1207 3536 1270 3566 cr.
1292 3527 1359 3565 2a.
1469 3525 1516 3577 p)
1545 3524 1717 3565 Ostriki
1740 3527 1807 3567 2α.
1829 3527 1869 3565 b.
1980 3527 2025 3577 q)
2054 3526 2117 3564 ita
2142 3526 2221 3572 2⁶5
2246 3530 2348 3575 post
2376 3525 2460 3565 hec
2490 3526 2540 3575 13
2564 3530 2667 3573 post
2694 3524 2779 3563 hoc
2808 3526 2889 3573 2ης

657 3584 761 3629 post
778 3579 894 3618 hanc
914 3579 980 3619 2b.
1081 3582 1121 3627 r)
1147 3580 1210 3617 ita
1239 3580 1275 3622 1.
1305 3580 1372 3619 2a.
1393 3580 1418 3617 b
1439 3590 1528 3627 pro
1556 3579 1756 3622 Meliten.
1856 3580 1893 3630 s)
1924 3580 1999 3619 ille
2018 3580 2084 3618 212.
2185 3579 2217 3630 t)
2247 3580 2421 3619 Frison.
2454 3579 2523 3617 2a.
2546 3578 2584 3617 b.
2687 3578 2733 3629 u)
2753 3588 2893 3625 ampu

658 3633 706 3671 in
733 3644 824 3675 ras.
853 3634 919 3673 Σὺ.
1030 3632 1076 3683 v)
1105 3633 1189 3672 iste
1219 3633 1258 3672 1.
2930 3635 2979 3675 85

661 3812 716 3877 1)
753 3808 810 3863 S.
835 3806 1072 3860 Martini
1083 3824 1108 3871 ,·
1143 3811 1210 3873 cf.
1247 3809 1472 3861 chartae
1505 3809 1731 3877 Pippim'
1766 3825 1817 3865 a.
1845 3811 1950 3865 753
1986 3808 2379 3875 (Mahlbacher,
2415 3808 2544 3875 Rey.
2576 3806 2639 3859 1²
2673 3824 2727 3863 n.
2756 3809 2891 3873 70).-

659 3878 731 3933 ad
783 3877 902 3947 ipsa
953 3894 1078 3931 casa
1131 3878 1234 3931 Dei
1287 3878 1460 3931 sancti
1513 3878 1744 3932 Martini
1798 3908 1867 3919 —
1920 3910 1993 3920 —-
2045 3880 2103 3932 in
2155 3878 2438 3947 stipendiis
2492 3877 2891 3931 monachorum

658 3949 749 4003 vel
785 3948 1191 4014 canonicorum,
1228 3950 1322 4017 qui
1357 3948 1564 4003 ibidem
1601 3950 1835 4019 gentiles
1874 3950 1943 4003 ad
1980 3950 2433 4005 christianitatem
2470 3952 2796 4003 convertunt
2832 3951 2893 4001 et

659 4020 883 4074 Domini
917 4018 1288 4074 misericordia
1324 4020 1468 4089 ipsos
1505 4036 1797 4075 conversos
1833 4038 1969 4089 quos
2004 4021 2213 4075 habent
2261 4020 2476 4088 docent,
2528 4026 2616 4075 cet.
2632 4036 2655 4083 ,·
2704 4020 2895 4073 Caroli

661 4110 713 4146 a.
753 4096 856 4149 723
905 4090 1282 4159 (Mahlbaoher
1331 4109 1384 4145 n.
1421 4094 1526 4153 34,·
1574 4091 1707 4148 ΜΘ.
1758 4094 1907 4160 Dipl.
1957 4093 2155 4147 Merov.
2198 4110 2260 4161 p.
2298 4095 2429 4159 98).·
2477 4090 2887 4157 monasterium,
2927 4107 2978 4145 40

659 4163 810 4231 quod
847 4170 928 4216 cst
961 4162 1106 4215 infra
1140 4179 1325 4215 muros
1350 4161 1605 4216 Traiecto
1632 4167 1809 4217 castro
1835 4163 2000 4216 situm
2026 4166 2413 4229 constructum,
2438 4162 2535 4214 ubi
2561 4162 2889 4229 apostolicus

658 4233 745 4286 vir
767 4265 839 4273 --
860 4265 932 4273 --
949 4232 1338 4287 willibrordus
1375 4233 1810 4303 archiepiscopus
1848 4235 1950 4288 sub
1987 4238 2207 4288 sanctae
2244 4231 2669 4286 conversationis
2694 4248 2887 4285 coeno-

659 4304 816 4357 bitali
852 4303 1044 4357 ordine
1080 4308 1258 4357 custos
1293 4320 1544 4373 praeesse
1579 4304 1811 4361 videtur.
1956 4305 2011 4376 2)
2060 4306 2141 4370 Of.
2183 4304 2471 4359 willibald.
2516 4320 2575 4357 ο.
2595 4306 2631 4358 8
2667 4304 2741 4371 (p.
2766 4305 2885 4369 49):

662 4374 720 4426 in
757 4374 1057 4428 confinibus
1103 4386 1310 4443 eorum,
1362 4374 1458 4443 qui
1507 4376 1709 4429 rustica
1747 4374 2002 4429 dicuntur
2050 4377 2237 4446 lingua
2274 4374 2321 4430 Ο
2337 4393 2360 4427 s
2374 4378 2398 4427 t
2414 4392 2445 4427 0
2460 4390 2520 4427 r·
2558 4378 2613 4429 et
2650 4372 2888 4427 Wester-

632 4445 910 4514 'acche3
961 4448 1032 4511 cf.
1081 4464 1138 4514 p.
1178 4450 1265 4512 56,
1311 4464 1364 4499 n.
1403 4448 1454 4502 3.
1829 4472 1833 4479 ·
2929 4459 2975 4499 45
