3167 5192
1145 525 1607 586 PRAEFATIO.
2276 527 2497 584 LXXV

220 709 540 790 pendent,
598 708 850 791 passim
919 707 1261 773 librarium
1329 714 1776 775 retractantem
1845 716 2135 790 expertus
2201 709 2305 775 sit.
2420 709 2498 774 Is

233 797 422 862 enim
491 819 622 863 non
688 798 887 862 solum
956 798 1120 862 duas
1190 797 1558 862 Zachariae
1628 797 1927 879 epistulas
2000 797 2143 878 (II,
2207 803 2309 864 10.
2388 797 2495 878 11)

235 886 512 952 omnino
553 885 995 968 praetermisit
1012 886 1052 966 1,
1111 887 1224 951 sed
1279 885 1471 951 etiam
1533 886 1828 952 brevitati
1886 889 2142 952 studens
2161 889 2185 927 ²
2243 887 2499 969 saepius

234 977 558 1041 vocabula
572 1027 590 1057 ,
651 994 812 1057 qaae
874 977 1205 1056 superflua
1266 996 1398 1040 esse
1453 974 1850 1056 videbantur,
1908 975 2278 1059 praeteriit,
2343 976 2500 1041 aliis

172 1087 198 1128 ο
236 1063 548 1146 expolitis
593 1070 652 1129 et
691 1062 1061 1128 immutatis.
1140 1063 1368 1145 Itaque
1413 1064 1736 1146 exemplar
1787 1072 1842 1146 1,
1890 1085 2274 1147 quamquam
2304 1065 2498 1131 multo

225 1159 392 1234 post
450 1175 672 1219 aevum
740 1151 949 1217 Otlohi
1007 1158 1342 1217 exaratam
1399 1153 1647 1218 mendis
1704 1152 1965 1218 minime
2022 1160 2225 1238 vacat,
2287 1160 2498 1220 tamen

233 1243 601 1323 permultas
631 1241 920 1306 lecti-ones
949 1241 1192 1306 exhibet
1221 1239 1489 1323 optimae
1535 1247 1739 1307 notae.
1826 1240 1985 1308 Cam
2030 1241 2103 1307 in
2130 1241 2499 1308 universum

242 1336 546 1396 auctores
627 1332 707 1395 ab
793 1329 1012 1396 Otloho
1095 1329 1373 1395 adhibiti
1445 1331 1655 1395 adhuc
1717 1338 1977 1414 praesto
2052 1331 2212 1414 sint,
2278 1353 2499 1415 pauca

244 1420 542 1503 exempla
587 1419 824 1499 afferre
869 1418 1029 1483 satis
1073 1419 1268 1484 habeo
1283 1441 1305 1485 .·

155 1533 206 1571 10
437 1515 494 1585 I,
549 1517 628 1574 10
691 1514 780 1589 (Ρ.
835 1514 981 1584 125,
1016 1515 1152 1581 23).
1214 1515 1318 1573 hic
1364 1515 1481 1573 Dei
1531 1505 1813 1594 sanetus]
1876 1516 1964 1574 ita
2016 1517 2044 1573 1
2111 1511 2183 1588 (s.
2233 1517 2335 1575 hie
2382 1517 2498 1573 Dei

687 1622 906 1662 servus
931 1599 1346 1676 Willibaldus);
1374 1604 1478 1662 hic
1503 1609 1762 1663 sanctus
1786 1607 1883 1663 vir
1908 1607 2004 1663 2α.
2026 1605 2076 1663 b.
2095 1622 2141 1663 c.
2159 1605 2217 1664 d.
2234 1624 2281 1663 e.
2312 1607 2370 1664 3.
2391 1605 2469 1663 31>
2477 1627 2499 1677 ,-

437 1692 493 1763 I,
548 1695 627 1751 12
692 1692 778 1766 (Ρ.
835 1694 980 1762 126,
1017 1693 1152 1760 30).
1214 1694 1483 1769 gradum
1529 1695 1790 1769 implere
1844 1683 2257 1772 contendens]
2321 1694 2410 1752 ita
2462 1695 2491 1751 1

688 1787 741 1840 et
762 1800 791 1840 e
816 1781 1149 1841 Willibaldo
1179 1776 1291 1858 (gr.
1316 1783 1578 1858 implere
1602 1778 1963 1858 temptavit)
1991 1783 2372 1856 interpolatus
2396 1785 2467 1841 2e
2480 1805 2503 1855 ;

689 1889 779 1946 gr.
812 1865 1008 1946 (impl.
1045 1866 1180 1943 om.)
1225 1876 1390 1930 cont.
1440 1866 1897 1943 (conscendens
1932 1872 2025 1930 21].
2052 1867 2114 1944 d)
2162 1874 2259 1930 2α.
2287 1872 2338 1930 b.
2366 1890 2414 1930 c.
2440 1871 2497 1930 d.

160 1977 211 2016 15
693 1961 748 2018 3.
802 1960 912 2032 312,-

439 2048 498 2119 Ι,
549 2049 625 2107 31
696 2048 781 2123 (Ρ.
847 2050 993 2118 143,
1038 2049 1173 2116 25).
1240 2067 1529 2107 normam
1591 2050 1970 2125 apostolieae
2031 2054 2096 2108 et
2154 2051 2503 2108 catholicae

689 2138 837 2195 fidei
912 2139 1233 2196 Romanae
1252 2183 1266 2207 ,
1344 2140 1446 2197 cui
1521 2168 1610 2175 —
1687 2140 2078 2197 deservimus
2099 2183 2114 2209 ,
2200 2139 2502 2214 ecclesiae

690 2215 982 2305 edocens]
1040 2229 1094 2285 1.
1147 2229 1183 2286 3
1241 2245 1366 2286 cum
1411 2227 1644 2302 Epist.;
1700 2229 2021 2285 Romanae
2067 2256 2152 2265 --
2203 2228 2503 2309 ecclesiae

691 2334 798 2374 om.
851 2318 948 2373 2α.
975 2316 1026 2374 b.
1053 2333 1101 2375 c.
1126 2316 1184 2375 d.
1211 2335 1276 2388 e,·

164 2421 218 2460 20
497 2404 572 2462 ib.
693 2403 781 2479 (Ρ.
836 2406 984 2475 144,
1022 2405 1158 2471 25).
1220 2406 1392 2464 Bene
1439 2395 1667 2484 valete]
1725 2408 1779 2464 1.
1833 2407 1869 2464 3
1918 2424 2044 2464 cum
2089 2405 2324 2479 Epist.;
2368 2405 2505 2465 haec

691 2511 801 2552 om.
852 2495 948 2552 2α.
975 2494 1025 2552 b.
1053 2511 1100 2552 c.
1126 2493 1182 2553 d.
1205 2513 1235 2551 e
1250 2517 1272 2567 ;

442 2581 500 2652 I,
550 2583 631 2640 36
696 2582 782 2657 (Ρ.
839 2582 986 2652 151,
1021 2583 1114 2650 9).
1161 2584 1371 2641 vivere
1418 2588 1483 2642 et
1527 2585 1726 2642 vibam
1773 2585 2088 2658 propriam
2126 2573 2499 2662 gubernare]

701 2674 729 2730 1
783 2690 909 2730 cum
953 2671 1188 2745 Epist.;
1232 2677 1299 2730 et
1347 2691 1402 2730 v.
1453 2691 1544 2748 pr.
1594 2673 1741 2748 gub.
1792 2690 1899 2730 om.
1952 2674 2049 2729 2α.
2084 2672 2135 2730 b.
2170 2690 2217 2730 c.
2251 2672 2307 2730 d.
2342 2691 2387 2731 e.
2426 2674 2504 2745 3;

443 2759 538 2830 Π,
590 2763 625 2818 2
692 2759 777 2834 (p.
835 2761 979 2830 165,
1019 2762 1152 2828 12).
1214 2763 1352 2819 aliis
1415 2749 1731 2839 capitulis]
1802 2762 1830 2818 1
1898 2779 2022 2818 cum
2070 2761 2305 2834 Epist.;
2362 2762 2501 2818 aliis

169 2865 222 2904 25
693 2850 1068 2925 capitalibus
1115 2844 1370 2922 vit(c)iis
1419 2845 1810 2921 (criminibus
1860 2849 1953 2908 2b.
1981 2844 2031 2922 e)
2080 2852 2175 2908 2a.
2203 2850 2253 2908 b.
2282 2868 2327 2908 c.
2355 2851 2413 2910 d.
2439 2869 2504 2923 e,-

498 2939 574 2997 ib.
695 2937 781 3012 (Ρ.
829 2939 975 3008 168,
1011 2939 1146 3006 30).
1196 2944 1466 3015 augusto
1500 2939 1918 2997 Constantino
1949 2956 1987 2996 a
2018 2939 2151 2996 Deo
2184 2931 2501 3013 coronato]

703 3030 731 3086 1
785 3045 910 3086 cum
956 3027 1190 3100 Epist.;
1235 3045 1273 3085 a
1318 3029 1452 3086 Deo
1499 3046 1622 3086 cor.
1673 3046 1781 3086 om.
1835 3030 1931 3086 2α.
1960 3027 2011 3086 b.
2040 3046 2084 3086 c.
2112 3028 2169 3086 d.
2196 3047 2225 3087 e
2238 3051 2260 3101 ;

443 3115 540 3187 II,
589 3119 625 3176 3
693 3117 778 3190 (Ρ.
820 3116 966 3187 169,
1005 3117 1138 3184 12).
1188 3117 1347 3174 bene
1395 3121 1765 3192 conpertum
1796 3109 2009 3190 habet]
2050 3118 2079 3174 1
2118 3135 2244 3175 cum
2274 3117 2465 3191 Epist.
2485 3139 2507 3190 ;

693 3207 752 3264 b.
803 3207 979 3264 novit
1028 3207 1124 3264 2α.
1153 3205 1203 3264 b.
1231 3223 1277 3264 c.
1305 3205 1379 3278 d;
1423 3206 1559 3264 haec
1605 3224 1712 3264 om.
1766 3207 1870 3276 2e,·

174 3310 226 3348 so
398 3293 494 3364 II,
549 3295 627 3353 15
693 3293 780 3369 (Ρ.
833 3296 982 3364 201,
1019 3295 1110 3361 7).
1180 3296 1247 3351 in
1314 3296 1450 3353 loco
1510 3297 1618 3371 qui
1677 3299 1939 3352 vocatur
1996 3287 2291 3368 Boconia]
2359 3295 2413 3354 1.
2466 3296 2502 3353 3

693 3401 819 3442 cum
863 3383 1056 3458 Epist.
1075 3405 1097 3456 ,·
1141 3384 1288 3442 Boc.
1337 3403 1447 3442 om.
1498 3386 1596 3442 2α.
1626 3383 1675 3442 b.
1704 3401 1749 3442 c.
1776 3384 1833 3441 d.
1860 3402 1907 3441 e.

265 3465 315 3528 I
309 3465 760 3547 nterpolatoris
804 3465 1068 3548 vestiyia
1113 3465 1297 3530 iuoeta
1328 3466 1650 3531 lectionem
1683 3464 2145 3548 primiyeniam
2176 3464 2248 3529 in
2279 3465 2506 3547 optimo

263 3553 533 3619 alterius
579 3554 806 3620 classis
851 3554 1014 3620 libro
1059 3555 1269 3620 adhuc
1314 3555 1867 3636 deprehenduntur
1881 3575 1904 3619 .·

443 3648 539 3719 ΙΙ,
592 3651 626 3707 7
693 3649 782 3724 (Ρ.
838 3650 983 3720 184,
1019 3650 1154 3717 33).
1203 3655 1352 3708 tuae
1392 3652 1718 3708 sanctitati
1758 3637 2123 3726 direximus]
2173 3649 2261 3708 ita
2305 3650 2359 3708 1.
2398 3645 2509 3708 2a²

175 3753 227 3792 35
693 3757 821 3797 cum
882 3738 1116 3813 F42ist.;
1183 3743 1230 3798 t.
1295 3758 1343 3798 s,
1410 3727 1753 3816 dedimus}
1797 3740 2139 3797 dixerimus
2204 3737 2349 3809 (sic,
2410 3738 2508 3798 sed

356 3819 396 3826 '¹
678 3829 822 3884 ὦκ’.
871 3827 1013 3895 del.)
1065 3829 1180 3901 2α,·
1225 3833 1271 3887 t.
1322 3848 1372 3887 s,
1424 3828 1715 3886 dedimus
1767 3828 1859 3886 2b.
1889 3827 2018 3886 c.d.
2047 3846 2093 3885 e.

267 4015 321 4080 1)
378 4012 524 4076 Quae
567 4028 677 4064 non
722 4014 890 4065 solum
926 4014 986 4064 in
1022 4015 1243 4065 editione
1279 4013 1526 4064 Sur-iana
1576 4015 1970 4080 desiderantur,
2021 4015 2111 4066 sed
2160 4016 2321 4066 etiam
2370 4028 2505 4064 non-

264 4085 441 4136 nullos
489 4084 768 4149 fuyerunt,
817 4086 916 4150 qui
960 4085 1022 4134 de
1071 4085 1312 4151 epistulis
1360 4085 1739 4149 Bonifatianis
1786 4092 2037 4149 eyerunt,·
2083 4086 2155 4149 cf.
2205 4085 2505 4150 Dammler,

264 4155 396 4209 MG.
423 4156 597 4222 Epist.
626 4155 735 4212 III.
763 4157 886 4221 221,
922 4157 1018 4222 qui
1051 4157 1221 4208 codice
1246 4158 1320 4210 2a
1354 4171 1486 4206 usus
1509 4162 1598 4210 est.
1732 4156 1787 4224 2)
1824 4156 2012 4208 Etiam
2048 4160 2228 4208 teoetus
2257 4156 2508 4206 Vitarum

175 4239 230 4276 40
265 4227 493 4292 Sturmi,
534 4226 803 4293 Greyorii,
839 4226 1056 4292 Leobae,
1106 4228 1290 4294 quales
1326 4228 1384 4278 in
1419 4227 1591 4279 codice
1630 4232 1811 4279 nostro
1847 4230 1909 4281 20
1956 4228 2221 4293 loquutur,
2275 4226 2360 4277 hic
2395 4227 2509 4277 illic

267 4299 501 4350 coartati
534 4302 630 4349 aut
678 4298 943 4349 decurtati
989 4303 1128 4352 sunt.
1221 4297 1304 4361 Cf.
1349 4297 1411 4352 G.
1449 4298 1688 4362 Richter,
1729 4298 1850 4350 ‘Die
1896 4304 2069 4350 ersten
2105 4297 2362 4363 Anfdnye
2411 4297 2509 4348 der

153 4417 158 4422 ,
267 4369 420 4420 Bau-
470 4385 520 4424 u.
572 4367 1036 4435 Kunstthatiqkeit
1081 4370 1172 4420 des
1220 4369 1467 4421 Klosters
1514 4369 1722 4421 Fulda'
1764 4386 1820 4436 Ρ.
1865 4372 1953 4433 21,
2002 4385 2057 4424 n.
2097 4371 2131 4422 5
2180 4369 2277 4433 (cf.
2321 4383 2380 4434 Ρ.
2418 4370 2506 4434 38,

265 4455 320 4562 nb.
349 4441 412 4502 1,·
441 4457 498 4507 Ρ.
528 4441 616 4504 39,
649 4455 702 4494 n.
729 4441 794 4502 2,·
824 4456 882 4506 Ρ.
909 4441 996 4505 63,
1021 4457 1073 4494 π.
1099 4442 1190 4506 3),·
1231 4439 1288 4494 Ο.
1314 4440 1758 4506 Holder-Eyyer,
1796 4439 1891 4494 SS.
1919 4439 2047 4505 XV,
2074 4441 2177 4501 65‚·
2215 4438 2277 4494 G.
2309 4439 2508 4505 Waitz,

265 4513 290 4562 i
324 4553 336 4565 .
377 4528 437 4579 Ρ.
479 4513 599 4566 120.
