3167 5192
1136 464 1599 522 PRAEFATIO.
2328 469 2493 526 LXV

211 646 538 728 principe
598 646 976 714 substituens
1045 646 1545 713 Carlomannum
1608 645 1701 730 (1,
1752 650 1891 732 41).
1997 650 2289 733 Eiyibum
2346 673 2489 718 auc·

225 742 561 818 toremque
605 737 696 800 M
691 735 1064 818 oyuntinum
1123 738 1198 800 de
1256 757 1515 820 corpore
1559 737 1767 804 sancti
1812 738 2163 821 Moyuntia
2205 739 2491 806 Fuldam

223 825 696 924 transferendo
745 824 841 888 ita
885 824 1054 890 inter
1099 846 1164 890 se
1209 825 1586 904 conciliavit,
1646 832 1719 891 ut
1761 828 2023 892 Lullum
2071 828 2306 910 ‘paene'
2352 850 2489 896 con-

223 913 390 978 silio
439 913 672 979 civium
719 912 1107 978 consensisse
1151 920 1452 980 statueret
1483 911 1619 996 (II,
1654 915 1785 997 30),
1819 915 1931 998 qui
1958 923 2250 984 sanctum
2278 937 2486 984 secum

159 1025 186 1065 ε
222 1002 519 1067 retinere
605 1001 964 1067 voluissent.
1095 1003 1546 1068 Translatione
1636 1005 2081 1087 sepulturaque
2151 1005 2490 1087 Bonifatii

225 1090 596 1172 descriptis,
643 1093 836 1171 finem
881 1090 1050 1173 fecit,
1094 1091 1188 1156 ita
1218 1097 1290 1155 ut
1330 1113 1570 1157 nonum
1606 1093 1968 1160 Willibaldi
2014 1100 2203 1177 caput
2230 1095 2487 1162 omnino

209 1181 688 1261 praetermiser
687 1180 756 1244 it.

457 1269 666 1333 Haud
707 1289 959 1350 paucas
1003 1268 1305 1350 epistulas
1363 1275 1422 1334 et
1462 1269 1801 1370 Bonifatii
1857 1278 1917 1336 et
1971 1271 2267 1353 aliorum,
2326 1293 2489 1355 quas

223 1359 326 1422 ad
386 1357 596 1440 ipsum
655 1364 715 1422 et
745 1377 874 1439 pro
916 1377 988 1422 eo
1047 1357 1454 1440 scripserant,
1515 1359 1591 1423 in
1650 1365 1883 1424 textum
1940 1359 2223 1426 admisit.
2328 1361 2485 1427 Oum

134 1472 186 1510 10
225 1453 436 1512 totum
483 1467 636 1530 opus
680 1446 754 1511 in
799 1448 955 1512 duos
1001 1445 1195 1511 libros
1241 1446 1548 1528 diviserit,
1598 1469 1631 1512 e
1676 1447 1901 1529 quibus
1934 1448 2129 1532 prior
2172 1471 2367 1532 usque
2396 1453 2487 1517 ad

224 1535 666 1619 episcopatum
711 1536 804 1599 M
798 1534 1170 1617 oyuntinum
1217 1535 1649 1618 proyreditur,
1711 1537 1873 1602 alter
1928 1538 2129 1618 ferme
2185 1560 2289 1604 res
2346 1540 2484 1604 sub-

224 1631 564 1706 sequentes
607 1624 1073 1707 comprehendit
1092 1625 1132 1706 1,
1179 1623 1281 1688 illi
1326 1624 1631 1706 epistulas
1688 1647 1753 1690 n.
1807 1633 1910 1691 12.
1971 1633 2073 1692 16.
2136 1634 2242 1692 20.
2311 1633 2484 1693 17-

231 1720 348 1778 19.
400 1719 506 1778 25.
556 1719 662 1777 21.
712 1719 817 1777 28.
867 1719 1152 1777 42-45.
1215 1719 1295 1778 56
1357 1713 1647 1795 inseruit,
1710 1713 1860 1780 huic
1917 1737 1981 1780 rt.
2033 1721 2137 1781 50.
2202 1721 2309 1781 51.
2374 1723 2479 1784 68.

227 1808 348 1866 59.
399 1808 505 1867 82.
553 1808 660 1866 61.
719 1808 824 1866 60.
875 1809 980 1866 77.
1043 1807 1150 1865 80.
1201 1808 1305 1866 57.
1356 1809 1460 1866 58.
1527 1809 1811 1885 86-89,
1872 1804 2091 1870 addito
2140 1805 2485 1889 privileyio

137 1917 187 1956 15
225 1890 522 1976 Pippini
566 1891 880 1956 Fuldensi
925 1891 1166 1972 spurio.
1268 1891 1425 1957 Cum
1472 1891 1777 1976 epistulas
1824 1892 1977 1958 libri
2022 1894 2277 1975 prioris
2327 1894 2481 1960 inte-

220 2002 394 2062 9ras
449 1981 588 2060 fere
645 1982 1007 2062 servaverit,
1074 1980 1146 2046 in
1205 1982 1404 2046 altero
1465 1981 1809 2062 complures
1870 1979 2202 2065 (inprimis
2258 2005 2323 2048 n.
2374 1990 2479 2049 59.

227 2075 347 2133 82.
397 2074 502 2132 60.
555 2075 658 2132 77.
711 2075 815 2133 80.
873 2068 986 2152 87)
1036 2069 1287 2151 partim
1333 2070 1486 2150 plus
1544 2069 1760 2134 minus
1818 2071 2148 2154 coartavit,
2198 2079 2480 2154 praeter·

221 2158 451 2223 missis
521 2165 579 2222 et
649 2158 970 2223 vocabulis
1037 2165 1094 2222 et
1167 2157 1519 2223 enuntiatis
1592 2159 1943 2240 superfluis
2014 2160 2207 2226 veluti
2279 2160 2483 2226 titulis

224 2247 624 2312 honorariis.
727 2247 1028 2328 Quamvis
1082 2246 1407 2311 brevitatis
1467 2247 1676 2312 studio
1735 2247 1982 2314 deditus
2038 2255 2210 2332 esset,
2271 2256 2481 2316 tamen

135 2364 190 2402 20
224 2357 584 2401 sermonem
632 2335 1097 2418 primiyenium
1154 2335 1230 2400 in
1285 2334 1652 2400 universum
1712 2357 1843 2402 non
1899 2337 2285 2420 immutavit,
2346 2338 2481 2404 nisi

226 2427 405 2506 quod
447 2424 764 2490 nonnulla
809 2424 1109 2508 eoepolivit
1154 2431 1338 2506 atque
1381 2424 1726 2491 usitatiora
1772 2447 1898 2507 pro
1943 2426 2150 2493 verbis
2207 2427 2479 2493 rariori-

229 2514 352 2578 bus
397 2513 734 2595 substituit,
795 2513 890 2578 ita
945 2519 1016 2577 ut
1073 2533 1125 2578 e.
1183 2533 1282 2596 qr.
1333 2531 1456 2594 pro
1519 2513 1829 2596 ‘syllabis'
1876 2515 2130 2598 saepius
2186 2515 2478 2582 ‘litteras'

227 2602 563 2684 scripserit
581 2605 624 2666 2.
716 2602 1010 2684 Denique
1067 2603 1439 2684 monuerim,
1499 2609 1686 2667 notas
1744 2609 2086 2685 temporum
2144 2604 2481 2686 quinquies

228 2689 452 2775 (epist.
513 2714 578 2756 n.
632 2697 735 2755 18.
797 2697 901 2757 68.
956 2699 1058 2756 77.
1109 2698 1214 2756 57.
1277 2697 1404 2773 58,·
1463 2691 1537 2756 V.
1584 2690 1921 2771 Bonifatii
1980 2693 2041 2774 I,
2095 2699 2196 2758 18.
2257 2694 2364 2776 ΙΙ,
2414 2701 2477 2762 3.

136 2808 188 2848 25
229 2786 296 2843 8.
353 2787 455 2845 10.
516 2779 628 2861 11)
675 2780 960 2846 sublatas
1003 2801 1134 2845 esse
1179 2786 1364 2862 atque
1397 2780 1811 2862 privileyium
1856 2780 2127 2864 pippini
2174 2779 2313 2863 (II,
2362 2782 2476 2864 19)

228 2876 294 2934 et
335 2867 564 2934 iisdem
609 2875 668 2934 et
709 2868 1272 2952 subscriptionibus
1317 2889 1552 2934 carere.

450 2957 786 3039 Epistulas
813 2957 1148 3038 Bonifatii
1185 2957 1262 3022 in
1289 2957 1673 3023 monasterio
1704 2958 2021 3024 Fuldensi
2050 2967 2415 3042 reffererat
2432 2962 2475 3043 ³,

227 3068 434 3129 neque
477 3067 613 3111 una
658 3047 795 3112 sola
840 3046 1113 3112 collectio
1155 3046 1286 3127 ipsi
1318 3053 1578 3128 praesto
1622 3047 1826 3127 fuisse
1869 3047 2134 3131 videtur,
2174 3050 2287 3114 sed
2312 3050 2479 3115 duae

229 3143 350 3200 aut
394 3137 635 3218 plures,
686 3157 824 3200 cum
869 3135 1160 3217 sinyulas
1217 3135 1517 3218 epistulas
1575 3135 1671 3200 ita
1732 3138 1804 3200 in
1868 3100 2152 3221 antiqu'i
2168 3160 2200 3203 s
2261 3159 2475 3204 exem-

143 3253 194 3291 ω
229 3225 486 3310 plarib
504 3246 551 3288 u
569 3246 600 3289 s
660 3225 827 3306 leyer
827 3225 882 3288 it
938 3223 1032 3306 (Ι,
1088 3229 1189 3288 14.
1240 3223 1358 3306 35)
1419 3224 1783 3306 litterasque
1832 3225 2203 3291 Zachariae
2256 3248 2477 3312 papae

229 3319 294 3378 et
334 3311 669 3392 Bonifatii
714 3315 804 3378 ad
842 3313 1239 3378 Zachariam
1284 3312 1654 3396 exhibuerit,
1706 3312 1885 3395 ‘quas
1928 3315 2477 3397 undecumque

231 3401 523 3485 colliyere
579 3401 912 3482 potuisset'
979 3400 1065 3484 (I,
1129 3401 1308 3483 44).
1259 3403 1288 3440 4
1422 3401 1757 3484 &fistulas
1823 3403 2101 3468 consulto
2168 3404 2473 3487 omittens,

230 3512 397 3574 quas
455 3493 544 3556 ad
597 3490 844 3574 Anylos
901 3497 1160 3556 sanctus
1226 3489 1629 3572 scripserat,
1587 3491 1613 3530 ⁵
1701 3512 1810 3555 eas
1876 3491 2088 3575 eleyit,
2160 3512 2320 3574 quae
2388 3456 2479 3559 ad

240 3579 380 3646 Ger
377 3578 664 3645 maniam
739 3579 1139 3662 rationesque
1214 3600 1354 3645 cum
1427 3581 1569 3644 sede
1644 3579 1945 3645 Romana
2025 3579 2195 3645 inter
2196 3583 2476 3648 cedentes

142 3699 194 3739 ,ὁ
231 3669 616 3752 spectabant.
721 3668 1006 3733 Etiamsi
1079 3669 1352 3748 fortasse
1419 3668 1645 3749 plures
1726 3667 2111 3734 collectiones
2195 3669 2475 3752 ineps-vit

231 3763 294 3823 et
362 3755 813 3840 perlustravit,
894 3763 1105 3824 tamen
1184 3778 1383 3822 unam
1469 3763 1715 3822 secutus
1798 3777 1929 3822 esse
2013 3779 2271 3841 eamque
2354 3759 2473 3825 tali

229 3847 370 3927 fere
445 3844 670 3911 ordine
744 3845 1099 3912 exhibuisse
1163 3845 1429 3928 videtur,
1496 3846 1745 3928 qualem
1810 3846 2160 3930 invenerat,
2236 3847 2475 3914 scilicet

232 4020 288 4090 1)
341 4022 428 4085 Cf.
472 4021 720 4089 prologos
753 4023 1034 4088 utriusque
1069 4020 1200 4072 libri
1246 4027 1326 4087 (p.
1366 4021 1484 4074 117.
1526 4021 1673 4084 159).
1854 4022 1911 4088 2)
1966 4020 2139 4073 Verba
2186 4023 2469 4074 immutata

228 4096 292 4144 in
328 4094 550 4145 editione
581 4098 774 4144 nostra
812 4092 1009 4144 litteris
1043 4093 1213 4144 latius
1251 4093 1446 4158 positis
1489 4092 1731 4144 indicata
1776 4099 1921 4152 sunt,
1970 4094 2166 4145 omissa
2215 4109 2335 4144 vero
2384 4095 2469 4144 in-

140 4180 194 4218 40
229 4164 413 4216 dicari
459 4179 566 4216 non
605 4168 888 4231 poterant,
943 4165 1060 4215 nisi
1109 4164 1336 4214 nimiam
1382 4167 1638 4214 notarum
1688 4163 2083 4214 multitudinem
2129 4165 2303 4216 textui
2346 4162 2467 4214 sub-

228 4236 609 4289 iunxissemus.
789 4235 843 4301 3)
891 4234 972 4299 Cf.
1019 4234 1164 4302 prol.
1213 4234 1293 4298 (Ρ.
1336 4236 1456 4298 113,
1493 4235 1586 4295 9).·
1634 4231 1821 4286 literas
1862 4249 2051 4286 omnes
2102 4249 2233 4300 quas
2282 4231 2351 4286 de
2400 4249 2466 4288 eo

228 4303 448 4360 habetis
483 4306 578 4370 (cf.
614 4321 674 4372 Ρ.
713 4307 836 4370 116,
867 4307 984 4372 30).
1127 4304 1186 4373 4)
1225 4305 1307 4369 Cf.
1343 4306 1488 4372 prol.
1525 4307 1605 4372 (p.
1646 4306 1766 4371 116,
1796 4306 1925 4370 31).-
1962 4302 2143 4370 Unde,
2178 4320 2465 4372 quascum-

231 4393 338 4444 que
374 4376 503 4429 huic
541 4374 695 4444 operi
731 4375 1060 4430 necessarias
1108 4375 1354 4428 invenire
1405 4377 1577 4443 potui,
1628 4374 1686 4428 in
1736 4391 1906 4428 unum
1956 4373 2216 4445 colligere
2263 4374 2463 4431 studui.

229 4451 287 4518 5)
327 4449 390 4503 V.
427 4447 704 4512 Bonifatii
736 4448 787 4515 Ι,
820 4450 894 4503 44
928 4449 1008 4514 (Ρ.
1038 4449 1158 4514 157,
1185 4448 1303 4513 22).

338 4554 472 4595 vitae
498 4554 534 4592 B
538 4554 662 4594 oxma
663 4553 728 4594 ιιι.
2042 4533 2098 4588 V
