3167 5192
459 2343 592 2384 Boou.
617 2342 682 2391 16,
699 2345 736 2386 1.

1802 1410 1941 1474 ΙΙΙ.

1212 1583 1456 1658 VITA
1503 1582 1931 1657 ALTERA
1980 1580 2556 1660 BONIFATII

735 1700 1232 1780 AUCTORE
1256 1701 1774 1777 RADBODO
1813 1699 2006 1794 QUI
2026 1696 2470 1777 DICITUR
2499 1697 3011 1778 EPISCOPO

1519 1818 2240 1896 TRAIECTENSI.

965 1964 1097 2042 (1)ει
1111 2013 1124 2027 .
1225 1969 1540 2027 Incertam
1608 1986 1682 2026 ac
1740 1969 2047 2027 lubricam
2108 1968 2239 2027 vite
2297 1969 2485 2025 huius
2544 1968 2992 2025 habitudinem
3026 1984 3049 2022 5

755 2060 1083 2134 variosque
1129 2058 1489 2115 mortalium
1535 2061 1802 2116 eventus
1849 2061 1914 2115 et
1956 2058 2210 2116 fortune
2246 2061 2469 2127 rotam,
2500 2056 2697 2114 fatuis
2730 2057 2993 2131 quidem

755 2148 1124 2223 plerumque
1169 2145 1624 2215 delectabilem,
1672 2146 2065 2221 sapientibus
2111 2150 2328 2204 autem
2368 2162 2614 2221 semper
2644 2144 2989 2212 infelicem,

757 2237 934 2295 nulla
992 2222 1133 2293 resb
1194 2240 1308 2293 aut
1365 2234 1589 2293 fortius
1656 2236 1856 2292 vincit
1922 2239 2035 2293 aut
2101 2236 2494 2311 imperiosius
2562 2236 2725 2309 regit
2796 2252 2993 2309 quam

755 2326 944 2383 timor
1001 2325 1141 2394 Dei,
1203 2323 1320 2383 de⁰
1383 2341 1508 2399 quo
1568 2324 1873 2399 scriptum
1933 2329 2061 2383 est:
2139 2322 2252 2400 Qui
2314 2324 2473 2382 timet
2526 2320 2737 2392 Deum,
2810 2323 2993 2393 faciet

757 2414 921 2473 bona.
1015 2412 1184 2485 Quid
1228 2413 1396 2470 enim
1442 2414 1674 2471 rectius
1720 2417 1833 2470 aut
1878 2413 2353 2471 convenientius
2401 2412 2741 2470 mundanis
2802 2429 2992 2487 oppo·
3026 2428 3072 2467 ιο

666 2573 670 2577 Α
754 2504 928 2560 nitur
995 2503 1179 2559 malis
1239 2519 1431 2577 quam
1485 2501 1571 2571 id,
1644 2501 1813 2576 quod
1871 2502 2113 2560 homini
2172 2502 2537 2560 benefacere
2596 2498 2991 2577 persuadet?

756 2592 1145 2650 Medicorum
1189 2594 1357 2648 certe
1409 2591 1526 2647 hec
1585 2590 1917 2666 disciplina
1976 2594 2091 2661 est,
2154 2594 2227 2648 ut
2284 2590 2609 2649 contrariis
2670 2592 2991 2648 contraria
3039 2604 3045 2610 ·

757 2684 1061 2739 sanentur
1080 2673 1122 2749 ²,
1170 2680 1709 2755 quemadmodum
1754 2679 1983 2753 frigida
2030 2679 2248 2737 calidis
2310 2684 2375 2737 et
2433 2680 2638 2737 calida
2698 2678 2948 2755 frigidis
2968 2673 2993 2709 ²

757 2774 822 2827 et
867 2774 1076 2827 cetera
1121 2768 1504 2825 huiusmodi.
1598 2767 1698 2825 Sic
1744 2772 1810 2825 et
1852 2768 1977 2837 ille,
2023 2768 2132 2843 qui
2177 2769 2392 2825 morbo
2438 2768 2683 2825 laborat
2740 2769 2990 2825 univer-

758 2858 874 2916 sali
893 2900 907 2927 ,
983 2858 1271 2915 antidoto
1340 2857 1658 2915 curandus
1728 2861 1827 2914 est
1891 2857 2199 2932 spirituali
2219 2902 2233 2927 ,
2310 2861 2385 2914 ut
2403 2900 2417 2925 ,
2488 2858 2595 2931 qui
2664 2856 2991 2914 mortifero
3026 2871 3071 2909 ιε»

755 2934 1051 3003 fortune(1
1102 2962 1346 3003 veneno
1404 2945 1679 3003 infectus
1726 2949 1845 3014 est,
1904 2946 2127 3002 timore
2172 2946 2288 3003 Dei
2347 2945 2601 3003 assiduo
2655 2948 2991 3020 tamquam

758 3034 1167 3092 saluberrima
1213 3033 1464 3091 ellebori
1483 3028 1507 3065 3
1552 3035 1811 3110 pocione
1858 3037 2134 3091 sanetur.
2211 3034 2467 3091 Timens
2509 3035 2740 3109 quippe
2780 3034 2992 3091 Deum

757 3127 996 3198 quanto
1072 3124 1276 3197 magis
1353 3123 1595 3181 devitat
1660 3124 1830 3181 mala
1848 3166 1861 3193 ,
1938 3120 2158 3180 tantoe
2225 3124 2594 3198 propensius
2612 3110 2638 3152 f
2704 3124 2993 3197 sequitur

757 3212 942 3281 bona,
991 3210 1233 3286 eoqueg
1275 3211 1593 3269 efficacius
1640 3213 1773 3287 agit
1816 3212 1983 3270 bona
2028 3229 2147 3287 que
2193 3215 2422 3287 potest,
2468 3228 2593 3287 quo
2634 3212 2989 3269 studiosius

758 3288 1020 3358 cavereh
1059 3300 1228 3357 mala
1273 3300 1607 3369 desiderat,
1657 3318 1778 3387 que
1822 3302 2075 3376 penitus
2122 3301 2321 3358 vitare
2350 3318 2480 3359 non
2524 3303 2753 3375 potest.
2824 3299 2991 3371 Qua·
3020 3313 3067 3352 20

760 3393 1012 3465 propter
1057 3406 1172 3465 ego
1219 3406 1484 3465 quoque,
1532 3388 1691 3464 quo¹
1754 3390 2124 3448 deteriorem
2186 3406 2287 3446 me
2334 3407 2472 3447 esse
2518 3390 2863 3457 considero,
2915 3406 2988 3446 eo

789 3680 1037 3731 )praeaecr.
1076 3680 1143 3772 Alc
1146 3685 1216 3719 tus
1259 3684 1306 3719 et
1345 3680 1466 3729 passi
1557 3681 1681 3719 ancti
1714 3680 1903 3719 Bonifac
1903 3680 1937 3719 ii
1972 3682 2125 3719 arcieh
2101 3681 2197 3729 eips
2198 3682 2315 3731 coi‚p
2424 3681 2578 3730 ripta
2619 3680 2760 3719 NR
2770 3680 2836 3719 bo
2846 3677 2913 3719 do
2924 3689 2989 3719 nc

760 3734 799 3772 Τ
877 3734 893 3772 l
973 3738 1098 3772 tesn
1287 3734 1396 3772 ll
1469 3691 1550 3782 opi
1626 3744 1727 3782 opo
1756 3734 2099 3773 aedeuldn
2111 3744 2189 3825 eom
2225 3733 2988 3783 bbtmlliptpta

761 3787 809 3825 in
836 3787 1138 3835 passionems
1169 3791 1272 3825 ncot
1247 3797 1374 3825 orum
1400 3796 1496 3825 mar
1499 3788 1633 3825 tirum
1652 3787 1719 3825 Bo
1722 3787 1929 3825 nifaciia
1930 3787 2055 3826 rcehi
2030 3788 2126 3879 evpis
2128 3788 2229 3836 coip
2256 3792 2351 3827 est
2353 3788 2449 3827 ocio
2452 3798 2603 3827 rume
2606 3788 2675 3825 ius
2704 3788 2759 3825 2α
2814 3786 3000 3829 c..1-·5
3020 3782 3061 3823 25

761 3850 844 3881 om.
871 3840 952 3885 2b‚·
977 3796 1168 3887 capuan.
1149 3850 1234 3878 mm
1260 3839 1465 3878 adsumta
1397 3843 1590 3932 &assunt
1618 3840 1664 3879 in
1692 3841 1816 3881 codd.
1930 3798 2067 3892 l·b)v
2120 3851 2265 3888 opro
2292 3798 2378 3880 reso
2393 3844 2431 3883 1.
2569 3841 2610 3891 c)
2644 3839 2723 3879 de:
2806 3851 2869 3881 as.
2898 3840 2917 3877 i
2946 3842 2985 3879 1.

762 3892 807 3943 d)
835 3894 1016 3932 foi-tuno
1045 3894 1084 3931 1.
1223 3892 1265 3943 e)
1295 3897 1327 3931 t.
1357 3903 1426 3941 pr.
1482 3893 1581 3932 ‚bo
1554 3904 1643 3932 ona
1670 3903 1752 3933 om.
1783 3896 1823 3933 1.
1950 3894 1984 3945 1)
2012 3905 2067 3943 pr
2070 3904 2154 3943 ope
2130 3904 2211 3933 een
2214 3894 2283 3932 ius
2312 3894 2381 3933 2a.
2518 3894 2616 3946 g)e
2618 3904 2733 3941 oequ
2764 3893 2839 3933 eff.
2868 3903 2910 3933 a.
2942 3894 2985 3932 b.

762 3956 848 3989 om,
875 3946 928 3984 2a
956 3948 1060 3992 (nou
1087 3946 1138 3983 20
1116 3948 1171 3993 c.)
1278 3946 1380 3996 h)e
1573 3948 1612 3986 1.
1722 3946 1756 3997 i)
1784 3958 1867 3991 om.
1894 3947 1947 3986 aa

765 4123 818 4191 1)
873 4122 957 4187 Cf.
1009 4122 1214 4175 Isidori
1259 4123 1486 4189 Etymol
1536 4123 1643 4189 IV,
1697 4126 1748 4190 9,
1787 4126 1819 4178 7
1863 4125 1965 4188 (ed.
2014 4124 2103 4175 Ar
2102 4124 2279 4176 evulus
2327 4123 2439 4189 III,
2490 4125 2653 4185 183).·
2702 4122 2989 4176 Contraria

762 4191 910 4245 enim
947 4192 1229 4245 contrariis
1264 4193 1564 4247 medicinae
1601 4193 1814 4247 ratione
1863 4198 2138 4247 curantur.
2352 4197 2407 4261 2)
2462 4195 2542 4251 [ὁ.
2590 4212 2632 4249 c.
2672 4197 2723 4261 9,
2762 4198 2797 4251 5
2831 4194 2924 4261 (ib.
2926 4197 2989 4257 ).·
3022 4208 3065 4250 ιο

765 4262 956 4317 Omnis
993 4266 1178 4317 autem
1215 4264 1424 4317 curatio
1461 4266 1556 4317 aut
1594 4281 1663 4317 ex
1698 4264 1984 4318 contrariis
2021 4268 2118 4318 aut
2154 4281 2222 4317 ex
2256 4263 2521 4318 similibus
2558 4264 2879 4319 adhibetur:
2916 4280 2988 4318 ex

761 4334 1067 4402 contrariis,
1105 4339 1167 4387 ut
1201 4334 1350 4404 frig
1362 4334 1555 4388 idum
1594 4335 1835 4388 calido
1872 4335 1958 4389 vel
1996 4334 2201 4391 siccum
2248 4335 2492 4391 humido.
2670 4339 2727 4406 8)
2782 4336 2867 4401 Cf.
2914 4336 2986 4390 ib.

765 4405 956 4472 XVII,
982 4408 1032 4473 9,
1052 4374 1130 4461 '24
1164 4407 1258 4472 (ib.
1296 4408 1399 4473 IV
1423 4409 1586 4468 352).·
1621 4406 1941 4460 Elleborum
1977 4438 2048 4447 —
2086 4437 2151 4447 —
2188 4409 2469 4475 sumptum
2504 4409 2712 4461 motam
2748 4409 2988 4460 mentem

765 4475 824 4527 in
859 4476 1147 4530 sanitatem
1184 4476 1414 4533 reducit.
