3167 5192
665 540 740 595 24
987 534 1178 592 VITA
1213 534 1621 591 BONIFATII
1656 532 2030 591 AUCTORE
2060 531 2574 592 WILLLBALDO.

667 720 1053 806 imperium,
1101 720 1238 784 iam
1285 718 1539 784 bucina
1585 719 1908 785 caelestis
1949 718 2142 785 verbi
2185 718 2533 804 increpuit
2587 721 2661 783 et
2719 738 2911 803 prac-

669 811 1124 887 dicatorum‘‚
1195 808 1609 873 adveniente
1674 808 1959 893 superni
2022 807 2197 872 roris
2262 807 2654 885 fertilitate,
2724 800 2903 871 voxb

667 898 993 975 intonuit,
1051 897 1184 963 Dei
1243 897 1494 963 etiam⁶
1551 916 1677 981 per
1722 896 2253 962 willibrordum
2266 892 2299 935 ‘¹
2350 897 2574 960 virum
2630 916 2913 962 venera-

666 988 877 1053 bilem
925 1006 1008 1052 ac
1053 990 1570 1071 cooperatores⁰
1617 986 1765 1051 eius
1810 988 2233 1071 propagatus
2279 989 2387 1050 est
2432 1006 2677 1051 sermo.
2770 984 2913 1049 Sed

417 1062 643 1167 οὗθζξῗᾸ·
666 1078 830 1160 quia
903 1095 1122 1141 messe
1136 1069 1163 1112 ¹
1239 1074 1516 1159 quidem
1594 1075 1819 1140 multa
1885 1074 2233 1159 operarios
2306 1074 2576 1139 inesse⁸
2650 1094 2917 1158 paucos
2949 1097 2981 1137 5

666 1157 1046 1241 eornm-eth,
1111 1167 1392 1229 sanctus
1451 1164 1566 1229 hic
1626 1164 1759 1229 Dei
1818 1163 2125 1228 famulus
2184 1156 2622 1249 cooperator¹
2694 1163 2913 1228 etiam

346 1259 644 1315 719—722.
662 1255 896 1320 factus
955 1257 1062 1319 est
1120 1274 1244 1338 per
1297 1256 1442 1317 tres
1495 1253 1838 1318 instanter
1896 1272 2113 1317 annos
2160 1246 2639 1317 willibrordik
2690 1251 2911 1317 archi-

665 1343 987 1429 episcopi,
1051 1342 1484 1426 multumque
1541 1342 1619 1406 in
1678 1340 1957 1406 Christo
2015 1341 2357 1419 laborans,
2416 1362 2558 1405 non
2617 1362 2911 1425 parvum

666 1425 1000 1497 Domino¹
1070 1431 1422 1517 populum,
1486 1431 1857 1496 destructis
1916 1430 2363 1495 delubrorum
2422 1430 2607 1494 fanis
2666 1434 2741 1494 et
2803 1450 2911 1494 ex-

665 1522 945 1586 structis
994 1520 1438 1607 ecclesiarum
1497 1520 1837 1597 oratoriis,
1898 1519 2217 1604 praefato
2274 1519 2639 1604 pontifici¹¹¹²
2686 1518 2911 1602 opitu-
2950 1543 3009 1582 10

666 1610 876 1688 laute,
927 1610 1318 1693 adquisivit.

881 1698 1056 1763 Cum
1087 1719 1251 1763 vero
1283 1718 1591 1762 summus
1622 1697 1736 1761 hic
1783 1700 2148 1762 senueratss
2185 1696 2503 1782 pontifex
2548 1700 2621 1762 et
2652 1696 2911 1761 aetatis

668 1788 986 1873 plurimis
1031 1786 1490 1871 gravabatur⁰
1545 1787 1745 1851 annis
1765 1786 1806 1864 ¹,
1859 1785 2182 1864 decrevit,
2231 1785 2441 1851 etiam
2488 1789 2910 1870 suggerente

670 1875 1164 1961 discipulorum
1227 1879 1430 1941 coetu
1445 1927 1458 1951 ‚
1529 1880 1614 1939 ut
1673 1874 2006 1940 solacium
2065 1876 2251 1939 tanti
2304 1875 2685 1939 ministeril'
2743 1894 2909 1939 suae

667 1966 1057 2049 decrepitae
1131 1964 1478 2030 senectuti
1552 1964 1986 2049 praevideret
2052 1968 2124 2029 et
2192 1963 2467 2029 fidelem
2538 1964 2623 2029 de
2692 1984 2911 2047 parva
2948 1984 3004 2023 ιε

667 2054 1201 2137 congregatione
1289 2054 1512 2117 virum
1607 2053 1977 2138 elegeram,
2081 2054 2201 2137 qui
2289 2056 2490 2117 tanto
2589 2072 2907 2137 praeesse

665 2144 1005 2227 potuisset
1079 2141 1356 2227 popule,
1432 2142 1790 2225 accitoque
1856 2142 2020 2207 huic
2037 2148 2063 2181 r
2131 2142 2302 2207 Dei⁸
2368 2141 2657 2219 famulo,
2730 2142 2907 2205 salu-

666 2232 804 2296 tari
863 2252 1019 2297 eum
1078 2230 1536 2296 instructione
1596 2231 1977 2308 admonuit,
2040 2234 2121 2295 ut
2179 2230 2589 2316 episcopalis
2650 2230 2905 2314 quippe

667 2321 1024 2404 regiminis
1099 2320 1477 2404 susciperet
1551 2320 1844 2403 gradum
1936 2324 2007 2385 et
2022 2318 2043 2357 ι
2132 2322 2221 2384 ad
2311 2320 2692 2404 regendum
2772 2319 2907 2383 Dei

665 2410 997 2494 populum
1045 2410 1178 2474 sibi
1221 2409 1639 2474 subveniret.
1717 2407 1855 2488 Qui
1901 2410 2130 2487 etiam,
2180 2409 2538 2474 humiliter
2565 2411 2900 2493 repente¹²
2944 2429 3003 2469 zo

667 2520 1015 2583 respuens,
1077 2498 1359 2563 minime
1420 2504 1535 2564 sev
1604 2498 1890 2581 dignum
1960 2518 2107 2563 esse
2176 2498 2612 2584 episcopatus
2681 2498 2908 2581 gradu

619 2583 624 2587 ’
665 2586 1015 2653 referebat
1080 2592 1169 2665 et,
1241 2607 1330 2653 ne
1394 2586 1527 2652 sibi
1589 2590 1831 2653 tantae
1897 2588 2259 2670 dignitatis
2322 2588 2681 2670 fastigium
2748 2586 2907 2651 ado-

666 2677 1086 2743 lescentiaew
1133 2677 1361 2742 adhuc
1413 2676 1490 2739 in
1536 2677 1737 2740 annis
1783 2676 2165 2741 constituto
2223 2677 2608 2761 inponeret,
2669 2676 2907 2759 depre-

667 2770 862 2830 catus
894 2770 1000 2830 est
1046 2770 1135 2842 et,
1169 2766 1494 2850 quoniam
1526 2764 2077 2849 quinquagesimi
2108 2765 2273 2828 anni
2300 2766 2499 2829 iuxta
2521 2765 2907 2835 ‚canonicae

663 2854 1104 2920 rectitudinis
1149 2874 1459 2918 normam
1519 2855 1815 2919 necdum
1877 2853 2081 2937 plene
2140 2854 2475 2939 reciperet
2534 2857 2838 2919 aetatem
2860 2855 2904 2932 ²,
2942 2874 3001 2915 κ

878 3063 914 3103 1.
965 3064 1072 3111 Gap.
1093 3062 1134 3101 5.
1195 3063 1233 3105 1.
1258 3061 1329 3104 2ο.
1348 3062 1386 3103 b.
1408 3073 1443 3103 c.
1475 3063 1515 3103 3.
1545 3064 1591 3105 4.

664 3153 713 3199 a)
739 3154 786 3190 et
810 3160 892 3199 per
918 3147 1250 3199 praedicatores
1277 3151 1321 3191 4.
1348 3150 1420 3192 411.
1497 3150 1547 3201 b)
1565 3162 1643 3200 pr.
1673 3163 1731 3192 m.
1760 3162 1975 3200 super-sor.
2006 3152 2049 3201 ³3
2084 3162 2188 3191 mox
2216 3152 2277 3193 20.
2366 3150 2409 3200 e)
2438 3162 2523 3192 om.
2555 3153 2594 3192 1.
2680 3148 2728 3198 d)
2755 3150 2907 3190 wini-

666 3204 852 3244 brodum
879 3204 940 3245 20.
1052 3204 1096 3254 e)
1132 3204 1437 3253 cooperatoris
1464 3203 1522 3242 8a
1548 3204 1723 3253 (eom).
1750 3205 1790 3247 b.
1921 3205 1960 3253 f)
1999 3215 2166 3244 messes
2195 3207 2241 3253 13
2281 3215 2447 3244 messes
2474 3206 2522 3255 (i.
2553 3215 2589 3245 s.
2620 3203 2795 3254 messis)
2824 3215 2904 3252 qu.

666 3258 822 3305 multa,
852 3268 974 3307 oper.
1005 3258 1275 3307 interpunxit
1303 3257 1599 3306 Nar-omer.
1688 3258 1735 3308 g)
1762 3268 1806 3307 p.
1838 3258 1985 3298 inesse
2013 3258 2053 3299 3.
2138 3258 2186 3309 h)
2214 3259 2429 3298 cernebat
2450 3258 2493 3300 8.
2572 3257 2607 3308 i)
2634 3262 2909 3307 cooperatur

664 3312 737 3360 20,
766 3322 881 3353 corr.
989 3310 1038 3358 k)
1053 3308 1323 3351 Willebrodi
1349 3311 1413 3354 20.
1509 3311 1543 3355 l)
1570 3312 1636 3349 ita
1665 3314 1703 3352 1.
1734 3310 1796 3355 20.
1822 3311 1863 3353 3.
1892 3312 1965 3353 ba.
1987 3311 2139 3362 0¹·¹·⁸;
2169 3322 2271 3361 pop.
2298 3312 2429 3354 Dom.
2458 3312 2557 3353 rell.
2659 3310 2721 3361 m)
2748 3323 2809 3350 m.
2838 3312 2907 3351 al.
2944 3310 3001 3349 30

665 3375 777 3407 corr.
804 3363 1014 3414 pontifice
1041 3364 1110 3417 2ο,
1138 3368 1178 3403 et
1203 3365 1269 3403 ita
1297 3365 1372 3412 8c,·
1399 3363 1657 3414 pontificae,
1685 3365 1769 3407 del.
1800 3376 1829 3404 a
1854 3365 1895 3407 3.
2020 3364 2067 3414 u)
2104 3370 2314 3405 senueret
2339 3366 2424 3409 4oe.·
2450 3364 2645 3415 senu(1se
2672 3376 2734 3404 m.
2762 3365 2825 3405 al.
2854 3364 2908 3402 in

664 3416 794 3468 ras.)t
820 3418 901 3465 2a;
928 3418 1150 3458 senuisset
1176 3419 1216 3459 ³.
1370 3428 1397 3457 ο
1459 3422 1732 3468 gravaretur
1756 3419 1783 3458 8
1810 3423 1849 3457 σε
1875 3430 1934 3462 m.
1960 3419 2023 3460 al.
2048 3419 2119 3461 811.
2279 3419 2326 3467 p)
2362 3418 2427 3456 aa
2454 3419 2502 3469 13
2542 3417 2777 3458 ministerii
2803 3418 2906 3457 rell.

665 3474 713 3521 q)
740 3473 806 3511 ita
833 3474 880 3523 13
912 3471 1102 3521 eligeret
1128 3472 1223 3514 roll.
1330 3472 1371 3519 r)
1429 3482 1484 3511 oe
1511 3472 1550 3512 3.
1658 3472 1696 3519 s)
1724 3472 1789 3510 ita
1815 3474 1859 3512 3.
1885 3473 1926 3514 4.
1956 3473 2043 3518 4σ,·
2069 3472 2172 3523 (Dei
2202 3473 2306 3520 ont.)
2334 3470 2502 3510 famulo
2532 3480 2569 3509 τε
2600 3470 2682 3512 sal.
2714 3473 2762 3520 13
2794 3471 2903 3511 fam.

664 3524 755 3564 Dei
777 3526 847 3568 80.
867 3526 906 3564 b.
927 3536 972 3573 e,-
1000 3526 1059 3573 or.
1075 3537 1126 3575 p.
1148 3525 1308 3575 28‚28:
1335 3525 1440 3564 huie
1467 3524 1554 3563 Dei
1581 3525 1764 3566 famulo.
1874 3525 1910 3576 t)
1946 3537 2029 3568 om.
2058 3528 2097 3569 1.
2201 3525 2252 3575 u)
2289 3526 2411 3567 hum.
2434 3528 2643 3573 repetens
2679 3534 2796 3573 resp.
2829 3524 2909 3572 20,-

665 3580 784 3619 hum.
816 3578 901 3618 hoc
927 3589 1166 3670 rennuleus,
1195 3578 1303 3619 min.
1323 3579 1366 3619 4.
1387 3579 1457 3620 40.
1537 3576 1586 3629 v)
1616 3589 1699 3619 om.
1730 3579 1799 3619 2ο.
1825 3579 1876 3627 b,·
1904 3577 2088 3629 dignum
2115 3588 2167 3619 se
2195 3579 2314 3630 (esse
2344 3579 2449 3625 oon.)
2476 3579 2537 3619 80.
2622 3577 2683 3629 w)
2710 3576 2902 3618 adulisc.
2944 3576 2999 3617 85

655 3644 731 3681 pr.
762 3643 819 3673 m.
851 3632 933 3679 2⁰2·
968 3632 1056 3671 adu
1075 3639 1166 3675 esc.
1189 3632 1231 3674 3.

668 3807 722 3877 1)
761 3808 1138 3860 willibrordus
1182 3825 1234 3862 a.
1273 3808 1490 3878 657s58.
1526 3814 1689 3860 natus
1725 3813 1856 3863 erat.
2042 3810 2098 3875 2)
2141 3809 2310 3862 Cuius
2344 3824 2566 3861 normae
2598 3810 2906 3861 testimonia

665 3882 801 3931 satis
852 3894 1091 3945 conyrua
1141 3885 1326 3931 extare
1375 3894 1486 3931 non
1532 3880 1779 3932 videntur
1791 3896 1817 3943 ,·
1866 3882 2107 3945 conferre
2154 3880 2273 3931 licet
2324 3880 2573 3945 Gregorii
2617 3879 2699 3935 M.
2750 3880 2904 3935 Du'al.

665 3950 746 4017 H,
783 3953 848 4005 2:
886 3948 1058 4003 Liber
1093 3947 1297 4019 quippe
1335 3966 1368 4002 a
1402 3949 1779 4018 temptationis
1813 3949 1967 4019 vitio,
2002 3949 2122 4003 iure
2157 3950 2268 4003 iam
2301 3949 2479 4004 factus
2515 3953 2597 4004 est
2631 3950 2905 4004 virtutum

664 4020 944 4091 magister.
1033 4018 1196 4074 Unde
1247 4024 1302 4074 et
1348 4036 1450 4089 per
1495 4018 1731 4088 Moysen
1777 4020 2116 4089 praecipitur
2164 4020 2348 4087 (Num.
2384 4024 2437 4089 4,
2476 4025 2528 4079 3.
2576 4024 2630 4090 8,
2668 4024 2789 4089 24),
2841 4026 2905 4074 ut
2942 4039 2999 4079 40

666 4092 866 4146 levitae
902 4108 935 4145 a
969 4090 1164 4161 viginti
1205 4091 1443 4159 quinque
1481 4091 1635 4145 annis
1674 4095 1729 4145 et
1764 4108 1932 4161 supra
1966 4091 2278 4146 ministrare
2326 4092 2581 4161 debeant,
2632 4092 2703 4146 ab
2756 4109 2904 4145 anno

665 4180 797 4217 vero
835 4161 1441 4232 quinquagesimo
1475 4162 1728 4217 custodes
1757 4179 2012 4217 vasorum
2046 4162 2210 4229 fiant3
2251 4164 2657 4218 Constitutione
2690 4170 2904 4233 aposto-

669 4236 844 4288 lorum
892 4236 966 4287 ΙΙ
969 4273 986 4302 ,
1026 4238 1055 4291 1
1108 4236 1211 4300 (od.
1263 4235 1326 4286 de
1373 4234 1629 4300 Layarde
1678 4253 1733 4303 p.
1787 4238 1882 4295 13)
1895 4253 1915 4287 .·
1964 4234 2053 4287 τὸν
2099 4234 2320 4302 ποιμένα
2374 4234 2463 4288 τὸν
2515 4234 2904 4303 καθιστάμενον

667 4305 953 4359 ἐπίσκοπον
988 4306 1062 4365 εἷς
1098 4305 1188 4365 τὰς
1224 4306 1508 4373 ἐκκλησίας
1551 4305 1609 4357 ἐν
1650 4305 1793 4373 πάσῃ
1836 4306 2089 4373 παροικίᾳ
2138 4307 2225 4359 δεῖ
2265 4304 2519 4374 ὑπάρχειν
2568 4306 2905 4375 ἀνέγκλητον,

666 4408 738 4416 —
761 4408 834 4417 --
855 4408 928 4417 --
963 4377 1064 4430 οὐκ
1101 4378 1312 4430 ἔλαττον
1345 4376 1483 4430 ἑτῶν
1513 4376 1939 4445 πεντήκοντας
1980 4378 2167 4434 oollooe.
2198 4392 2462 4431 canonum
2493 4378 2718 4433 Hiber-n.
2756 4380 2807 4445 I,
2837 4381 2903 4434 ll
2939 4394 2999 4435 45

669 4450 773 4511 (ed.
801 4449 1295 4516 Waosorsohlobeff,
1335 4451 1493 4517 1885,
1536 4465 1597 4516 p.
1632 4450 1698 4514 8)
1711 4466 1732 4500 .·
1772 4445 1882 4517 Qui
1916 4453 2116 4502 autem·
2138 4448 2209 4502 ab
2246 4464 2466 4502 accessu
2502 4446 2903 4502 adolescentiae

671 4534 839 4586 usque
875 4518 946 4573 ad
980 4519 1166 4576 XXX.
1203 4537 1406 4573 annum
1443 4520 1639 4574 aetatis
1674 4534 1805 4573 suae
1852 4519 2215 4589 probabiliter
2256 4520 2476 4587 vixerit,
2524 4536 2636 4573 una
2682 4523 2903 4573 tantum
