3167 5192
640 468 829 525 VITA
865 468 1272 526 BONIFATII
1307 470 1668 526 AUCTORE
1707 468 2219 529 WILLIBALDO.
2466 477 2541 529 -29

298 655 533 720 Multa
601 674 870 738 quoque
942 654 1082 718 alia
1150 656 1236 718 de
1302 654 1698 739 relegione⁸
1774 656 2163 720 sanctitatis
2241 659 2312 721 et
2381 656 2544 721 fidei

301 745 596 809 veritate
643 737 1098 809 sciscitandob
1153 745 1442 828 profert,
1492 745 1595 808 ita
1640 747 1723 807 ut
1768 750 2079 811 omnem⁰
2136 765 2314 829 pene
2361 745 2543 809 diem

302 834 564 918 pariter
609 833 1088 917 conloquendo
1135 832 1535 897 alternatim
1583 834 1938 898 ducerent.
2034 834 2125 897 Et
2180 834 2269 897 ad
2329 839 2543 899 extre-

303 944 511 1000 mum,
561 922 864 1005 qualiter
907 922 1169 1006 populi,
1219 942 1343 1006 per
1398 922 1599 987 devia
1657 923 1849 1007 prius
1906 924 2297 987 facinorum
2356 923 2544 987 ober-

231 1034 260 1073 5
300 1015 563 1089 rantes,
627 1010 792 1077 fidei
851 1010 1270 1075 documenta
1328 1030 1454 1075 sua
1512 1011 2029 1095 praedicatione
2088 1012 2541 1097 perciperent,

302 1101 694 1165 sciscitatus
765 1103 889 1165 est.
997 1099 1092 1163 Et
1160 1121 1312 1164 cum
1379 1119 1501 1184 pro
1573 1104 1762 1165 certo
1824 1102 2288 1185 comperisset,
2360 1101 2545 1184 quod

299 1190 671 1253 maximam
725 1189 1002 1272 quidem
1065 1189 1592 1254 multitudinem
1654 1188 1877 1272 plebis
1938 1211 1981 1253 a
2038 1189 2373 1273 sacrilega
2424 1190 2545 1254 de·

302 1299 581 1342 monum
656 1278 932 1343 cultura
997 1279 1088 1342 ad
1166 1279 1591 1343 consortium
1667 1283 1946 1343 sanctae
2027 1279 2355 1365 ecclesiae
2432 1279 2544 1342 ad·

303 1362 680 1445 sciscitetd,
729 1367 1082 1431 intimavit
1128 1368 1381 1452 quippe
1429 1368 1512 1443 ei,
1577 1368 1741 1450 quia
1786 1368 2224 1452 episcopatus
2271 1368 2404 1432 sibi
2449 1368 2545 1430 in·

209 1480 264 1517 10
304 1477 558 1540 ponere
635 1456 921 1540 gradum
1000 1455 1335 1521 voluisset
1437 1456 1847 1540 populisque
1933 1456 2265 1541 pastorali
2354 1457 2544 1541 prius

304 1545 775 1610 sollicitudine
845 1545 1132 1630 privatis
1203 1549 1275 1610 et
1343 1547 1540 1609 iuxta
1608 1546 2026 1610 sententiam
2097 1546 2359 1609 domini
2413 1546 2547 1609 Dei

301 1635 522 1698 nostri
557 1635 964 1712 iacentibus,
1006 1636 1186 1699 sicut
1217 1654 1378 1699 oves
1407 1656 1547 1698 non
1581 1634 1917 1699 habentes
1955 1638 2320 1719 pastorem,
2361 1654 2545 1719 prae·
2564 1654 2862 1704 Maamase.

301 1724 557 1788 ferre0.
696 1723 833 1788 Sed
909 1724 1073 1807 quia
1149 1724 1625 1789 contradicere
1701 1724 1864 1787 huic
1956 1727 2158 1787 tanto
2235 1722 2545 1808 pontifici

304 1806 730 1897 apostolicos
783 1812 975 1877 sedig
1027 1812 1341 1896 praelato
1387 1833 1529 1877 non
1575 1814 1883 1889 auderet,
1934 1814 2282 1877 consentit
2335 1812 2544 1877 etiam

211 1924 264 1963 15
305 1904 378 1966 et
423 1902 794 1967 oboedivit.
890 1900 1138 1985 Sicque
1185 1922 1492 1965 summus
1543 1905 1825 1966 sanctae
1886 1902 2325 1966 auctoritatis
2388 1921 2546 1984 pon-

303 1990 481 2055 tifex
528 1991 710 2055 diem
759 1992 1125 2055 constituit
1185 1990 1662 2066 ordinationis,
1725 1991 1800 2054 id
1860 1994 1966 2056 est
2025 1991 2246 2075 pridie
2293 1990 2546 2054 Kalen-

305 2080 549 2143 darum
597 2079 1105 2144 Decembrium.

521 2167 832 2252 Cumque
870 2170 1152 2232 sanctus
1189 2188 1423 2233 sacrae
1461 2166 1999 2251 sollempnitatis
2048 2169 2193 2233 dies
2240 2172 2313 2232 et
2356 2172 2545 2231 nata-
2565 2143 2848 2256 Ἷῇξῖᾟὲῗλ

303 2257 508 2322 licius
577 2258 801 2323 sancti
871 2258 1190 2323 Andreae
1259 2260 1331 2321 et
1399 2250 1849 2341 praefinitaeh
1926 2257 2381 2321 ordinationis
2449 2258 2546 2320 in·

210 2370 266 2408 20
304 2347 596 2412 luxisset
615 2347 656 2423 1,
719 2347 856 2410 iam
920 2366 1111 2412 sacer
1170 2347 1350 2411 sedis
1419 2345 1843 2431 apostolicae
1909 2346 2226 2430 pontifex
2294 2346 2546 2430 episco-

304 2439 511 2520 patus
558 2436 692 2499 sibi
751 2439 822 2499 et
883 2436 1200 2513 nominiS‚
1252 2437 1437 2517 quod
1496 2438 1604 2499 est
1652 2428 2176 2513 Bonifatiusi·2,
2238 2435 2547 2518 inposuit

521 2627 558 2670 1.
604 2628 768 2675 0⁰1²·ss-
829 2629 866 2668 1.
899 2628 969 2669 20.
993 2627 1030 2670 b.
1049 2638 1084 2668 e.
1116 2628 1156 2669 3.
1185 2628 1227 2670 4.

304 2698 350 2748 a)
381 2700 446 2736 ita
476 2700 513 2741 1.
540 2698 597 2736 2a
623 2698 713 2747 (pr.
745 2701 842 2747 m.).
956 2698 1002 2745 b)
1030 2709 1097 2747 pr.
1125 2709 1185 2740 sc.
1214 2699 1255 2743 3,
1287 2709 1401 2739 corr.
1513 2700 1556 2745 c)
1585 2702 1725 2736 totam
1754 2698 1793 2738 4.
1906 2695 1954 2745 d)
1982 2699 2047 2735 ita
2076 2699 2122 2747 13
2152 2694 2425 2736 adscisceret
2452 2698 2547 2739 rell.

306 2755 350 2799 e)
377 2756 476 2801 pr(e
505 2753 552 2790 in
579 2751 855 2801 lateranens
884 2753 966 2800 2a‚·
993 2753 1196 2800 proferre
1223 2752 1287 2794 212.
1396 2753 1434 2800 s)
1461 2752 1527 2789 ita
1555 2752 1604 2802 13
1634 2751 1940 2799 apostolic-,oue
1969 2751 2063 2791 rell.
2125 2796 2129 2799 .
2174 2750 2223 2801 g)
2250 2762 2305 2791 m.
2340 2751 2400 2791 al.
2431 2762 2542 2791 corr.

211 2805 267 2844 25
305 2806 427 2845 sedis
455 2806 496 2855 8,
526 2809 566 2844 et
593 2807 661 2843 ita
678 2806 813 2854 prius
839 2806 900 2847 2⁶.
1005 2805 1053 2853 h)
1081 2807 1314 2855 praefatas
1342 2805 1383 2854 3,
1413 2816 1527 2846 eorr.
1629 2804 1663 2854 i)
1690 2805 1755 2842 ita
1783 2808 1820 2847 1.
1849 2806 1889 2846 3.
1914 2806 1966 2852 4;
2001 2804 2261 2844 Boniracius
2288 2804 2383 2844 rell.

307 2970 362 3033 1)
413 2964 606 3017 Utrum
643 2965 960 3029 Bonifatius
995 2982 1046 3018 a.
1088 2967 1207 3019 722.
1245 2966 1520 3033 episcopus
1570 2969 1905 3016 consecratus
1953 2966 2027 3015 sit
2077 2980 2150 3015 an
2200 2980 2249 3018 a.
2290 2966 2413 3028 723,
2462 2966 2547 3015 in-

307 3042 506 3089 certum
538 3042 630 3101 est,
665 3036 1093 3103 discrepantibus
1123 3038 1263 3088 notis
1294 3042 1604 3103 temporum,
1644 3052 1779 3103 quae
1810 3036 2165 3087 iuriiurando
2195 3052 2231 3087 a
2264 3035 2547 3099 Bonifatio

298 3113 424 3176 post
459 3108 900 3160 consecrationem
927 3110 1193 3174 praestito
1229 3108 1436 3173 (Bonif.
1475 3123 1550 3173 ep.
1594 3110 1680 3173 16,
1709 3124 1769 3174 p.
1808 3108 1940 3166 265)
1976 3112 2025 3159 et
2060 3107 2305 3171 epistulis
2338 3106 2549 3159 duabus

310 3178 566 3243 Greqorii
597 3178 676 3233 II.
723 3180 979 3246 proximo
1028 3178 1114 3229 die
1147 3179 1300 3243 (Dee.
1340 3182 1401 3239 1)
1449 3180 1597 3231 datis
1644 3179 1744 3244 (ib.
1783 3181 1869 3233 17.
1915 3180 2001 3243 18,
2045 3193 2107 3243 p.
2144 3178 2249 3232 266
2272 3182 2410 3244 sqq.)
2460 3180 2547 3229 in-

218 3267 270 3306 30
305 3254 467 3312 suna·
519 3250 591 3313 cf.
628 3250 757 3305 ΜΘ.
795 3251 972 3317 Epist.
1011 3248 1126 3314 III,
1164 3252 1287 3306 227.
1324 3252 1431 3305 265
1479 3266 1532 3303 n.
1571 3252 1623 3305 4.
1803 3250 1861 3318 2)
1911 3249 2259 3300 Ψίῑῑίὸαῑάιιε
2310 3251 2514 3301 erravit
2526 3264 2550 3311 ,·

320 3320 638 3386 Wynfritho
682 3324 821 3373 enim
856 3324 970 3373 iam
1005 3328 1166 3373 antea
1201 3322 1362 3373 etiam
1397 3320 1675 3386 Bonifatii
1720 3335 1911 3372 nomen
1955 3321 2141 3386 fuisse,
2192 3336 2261 3371 σω
2308 3320 2549 3386 epistulis

311 3394 396 3447 12.
437 3396 520 3448 14.
561 3395 630 3448 15
666 3398 743 3459 (p.
783 3394 904 3447 258.
943 3394 1064 3447 261.
1101 3394 1234 3457 264)
1270 3392 1597 3458 inteaeyitur
1632 3407 1683 3446 a.
1710 3393 2019 3447 719-722.
2056 3392 2287 3457 scriptis,
2325 3392 2549 3456 dumque

307 3465 370 3515 in
420 3464 614 3515 litteris
665 3464 918 3529 Greqorii
949 3463 1028 3517 ΙΙ.
1081 3480 1132 3518 a.
1173 3465 1293 3519 719.
1343 3464 1488 3515 datis
1541 3469 1621 3528 (n.
1662 3465 1757 3527 12)
1809 3464 1981 3515 solum
2034 3476 2223 3513 nomen
2272 3460 2551 3524 Bonifatii

309 3536 560 3601 occurrit,
597 3534 857 3601 Eanyyth
894 3540 941 3586 et
964 3534 1160 3600 Buyya
1195 3536 1396 3586 ami‘eae
1421 3534 1595 3602 paulo
1622 3540 1748 3600 post
1782 3540 2004 3600 utroque
2037 3532 2286 3584 vocabulo
2321 3537 2549 3583 utuntur

215 3622 270 3662 35
307 3613 388 3672 (n.
428 3608 514 3661 14.
567 3604 678 3676 15).
768 3606 1023 3658 Sanctum
1083 3622 1135 3662 a.
1175 3607 1295 3661 717.
1349 3604 1731 3670 Πῖμηῂῆελιιηι
1784 3614 1885 3670 (an
1942 3603 2329 3670 supplendum.-
2386 3618 2550 3669 neque

309 3677 468 3729 aliter
482 3678 537 3742 θ)
574 3678 806 3743 audisse,
842 3676 1182 3729 Willibaldus
1216 3693 1389 3744 supra
1416 3694 1477 3744 p.
1505 3678 1591 3743 19,
1610 3678 1645 3731 5
1678 3678 1975 3739 rettulerat,
2011 3675 2249 3741 idemque
2270 3689 2458 3727 nomen
2488 3675 2548 3724 in

308 3748 550 3815 epistulis
603 3754 726 3801 ante
779 3764 832 3803 a.
885 3751 1004 3804 719.
1059 3750 1360 3815 compositis
1406 3753 1481 3815 (n.
1535 3750 1719 3803 9-11
1757 3753 1805 3799 et
1839 3748 2073 3811 fortasse
2106 3762 2161 3801 n.
2191 3747 2281 3812 13)
2336 3746 2548 3811 leqitur,

309 3820 452 3888 quod
497 3824 686 3887 postea
738 3821 800 3871 in
851 3821 1088 3872 carmine
1137 3824 1348 3871 tantum
1395 3835 1432 3870 a
1483 3819 1765 3884 Bonifatio
1812 3820 2110 3884 conscripto
2158 3816 2318 3881 (Mo.
2365 3817 2550 3868 Poetae

310 3892 358 3958 I,
399 3894 494 3951 17)
540 3897 590 3943 et
637 3906 756 3942 cum
804 3891 974 3943 altero
1021 3893 1359 3943 coniunetum
1407 3892 1470 3942 in
1517 3890 1793 3943 nonnullis
1828 3889 2073 3957 epistulis
2106 3890 2181 3940 ad
2217 3889 2419 3955 Anqlos
2452 3894 2550 3938 aut

214 3980 272 4019 40
311 3963 382 4014 ab
430 3963 626 4028 Anylie
672 3963 892 4029 seriptis
939 3965 1019 4027 (n.
1058 3964 1145 4016 34.
1181 3963 1269 4017 46.
1305 3964 1393 4017 47.
1432 3962 1518 4016 94.
1559 3962 1691 4026 105)
1739 3963 2030 4024 invenitur,
2085 3975 2204 4011 eum
2260 3961 2321 4010 in
2370 3960 2549 4011 ceteris

309 4035 422 4085 iam
470 4048 642 4085 unum
678 4033 958 4097 Bonifatii
1003 4048 1192 4085 nomen
1241 4032 1546 4085 adhibitum
1592 4036 1681 4087 eit.
1766 4032 1912 4085 Unde
1959 4045 2149 4083 nomen
2193 4032 2453 4083 Latinum
2502 4032 2554 4081 ei

309 4122 362 4159 a.
403 4106 524 4159 719.
562 4106 623 4155 in
649 4106 836 4171 primo
869 4105 1060 4156 itinere
1095 4103 1338 4156 Romano
1379 4116 1543 4170 neque
1573 4106 1639 4155 in
1673 4104 1900 4156 secundo
1948 4118 1986 4153 a
2024 4119 2183 4169 papa
2220 4104 2417 4155 Romae
2465 4103 2549 4150 in·

309 4177 486 4228 ditum
522 4190 644 4242 esee,
682 4177 799 4226 veri
829 4176 1002 4227 simile
1036 4182 1130 4241 est,
1165 4177 1246 4227 ita
1295 4180 1357 4226 ut
1401 4174 1744 4227 Willibaldus
1792 4174 1855 4225 de
1902 4179 2134 4241 tempore
2183 4179 2231 4225 et
2284 4174 2549 4224 occasione

310 4248 546 4299 nominis
579 4247 821 4313 impositi
852 4261 1017 4313 neque
1050 4260 1173 4298 vero
1208 4247 1272 4297 de
1308 4252 1520 4298 audere
1554 4252 1603 4299 et
1637 4246 1744 4299 loco
1776 4260 1988 4297 errasse
2020 4246 2283 4310 videatur,
2319 4244 2550 4307 fortasse

215 4335 274 4375 45
312 4318 551 4385 eoeernplo
596 4316 944 4369 Willibrordi
977 4318 1242 4385 inductus,
1287 4319 1375 4368 eui
1407 4332 1596 4370 nomen
1634 4317 1911 4369 Clementis
1958 4332 2073 4367 una
2121 4332 2241 4367 cum
2290 4316 2551 4381 diynitate

302 4389 615 4457 pontificali
654 4405 706 4443 a.
744 4390 866 4444 695.
917 4406 955 4441 a
1000 4388 1245 4456 pontifice
1279 4388 1521 4441 Romano
1568 4388 1891 4440 attributum
1942 4391 2060 4439 erat
2108 4388 2206 4452 (ef.
2245 4389 2387 4438 inter
2436 4386 2549 4436 alia

311 4460 488 4514 Bedae
536 4460 679 4515 Hist.
730 4461 845 4515 ecc-l.
894 4460 958 4527 V,
1009 4463 1122 4526 11).
1207 4460 1290 4512 De
1340 4461 1641 4527 quaestione
1689 4474 1807 4510 eum
1862 4460 1966 4510 alii
2014 4459 2385 4511 disseruerunt
2438 4464 2550 4509 tum
