3167 5192
472 505 713 560 VITAE
749 505 1155 562 BONIFATII
1192 505 1553 560 AUCTORE
1591 503 1899 560 OTLOHO
1935 505 2172 560 LIBER.
2194 505 2300 562 H.·
2385 510 2487 564 193

240 693 567 767 diriqerem
582 712 665 753 us
678 717 698 766 ;
735 694 885 768 quod
931 698 986 751 et
1028 695 1069 764 f
1084 713 1113 751 e
1136 712 1165 752 c
1186 693 1209 752 i
1233 712 1291 750 m
1312 711 1353 750 u
1373 711 1403 752 s
1430 711 1548 767 pro
1594 693 1936 752 adunatione
1981 699 2036 752 et
2077 694 2488 766 reformatione
2505 711 2646 760 Mt.
2665 713 2736 753 58.

240 783 613 861 ecclesiarum
647 780 883 842 Christi.
955 783 1127 840 Nunc
1172 787 1359 841 autem
1404 783 1583 841 denuo
1629 787 1760 841 tuas
1795 783 2161 856 suscipientes
2208 784 2345 842 lite
2358 803 2392 841 r
2408 803 2488 843 as

240 872 414 930 valde
458 890 673 940 sumus,
722 877 788 930 ut
830 871 1107 940 discimus,
1155 871 1377 940 mirati,
1425 890 1488 929 eo
1532 872 1681 945 quod
1727 877 1893 930 antea
1936 872 2097 931 nobis
2150 891 2236 930 esc
2281 891 2330 946 p
2346 892 2374 931 e
2393 873 2451 932 ti
2467 909 2484 918 —

242 961 455 1019 cione
503 960 1040 1035 predictorum
1074 959 1439 1034 principum
1487 979 1607 1034 pro
1653 960 1837 1018 tribus
1892 961 2105 1035 palliis
2161 962 2488 1035 su99essisti

158 1071 193 1110 5
241 1054 299 1107 et
331 1053 539 1123 postea
572 1068 691 1124 pro
736 1051 856 1108 solo
907 1048 1198 1108 Grimone.
1294 1047 1407 1107 Sed
1450 1050 1730 1118 volumus,
1779 1055 1845 1107 ut
1889 1050 2028 1108 tuaa
2074 1049 2236 1108 nobis
2279 1051 2490 1110 indicet

242 1138 611 1208 fraternitas,
660 1157 763 1196 cur
810 1143 937 1196 tan
956 1143 1071 1196 tae
1115 1137 1230 1195 rei
1277 1139 1492 1208 facta
1536 1136 1643 1196 sit
1673 1138 2171 1212 permutaciO.

460 1243 848 1319 Repperimus
894 1245 1066 1302 etiam
1111 1243 1175 1302 in
1222 1244 1407 1302 literis
1453 1243 1587 1313 tuis,
1637 1263 1782 1318 quae
1810 1245 1984 1304 nimis
2015 1245 2236 1304 animos
2264 1251 2487 1305 nostros

240 1335 822 1403 conturbaverunt,
870 1333 1020 1407 quod
1079 1333 1226 1392 talia
1284 1321 1361 1391 ab
1418 1338 1468 1391 te
1524 1334 1688 1392 nobis
1745 1336 2098 1405 referantur,
2160 1335 2328 1408 quasi
2387 1353 2486 1394 nos

240 1427 609 1496 corruptores
651 1423 833 1482 simus
879 1441 1156 1480 canonum
1200 1427 1255 1480 et
1286 1427 1532 1496 patrum
1576 1422 1897 1481 rescindere
1943 1423 2286 1482 tradiciones
2330 1443 2360 1482 3
2374 1428 2398 1482 t
2411 1443 2451 1482 u
2466 1461 2484 1468 -

131 1535 199 1572 ιο
239 1510 547 1570 deamus
607 1530 675 1569 ac
721 1530 836 1586 per
895 1512 1015 1580 hoc,
1076 1511 1226 1585 quod
1272 1511 1438 1580 absit,
1488 1529 1616 1569 cum
1659 1512 1873 1570 nostris
1918 1513 2142 1571 clericis
2185 1512 2248 1571 in
2305 1531 2484 1586 symo-

238 1600 473 1658 niacam
503 1601 745 1659 heresim
775 1599 1115 1669 incidamus,
1149 1605 1464 1674 expetentes
1494 1604 1549 1658 et
1577 1601 1912 1674 accipientes
1957 1602 2028 1660 ab
2073 1601 2196 1660 illis
2229 1601 2482 1676 premia,

240 1689 450 1763 quibus
495 1689 801 1748 tribuimus
833 1689 1049 1763 pallia.
1130 1687 1243 1747 Sed
1272 1689 1590 1757 hortamur,
1637 1689 1945 1748 karissime
1991 1691 2202 1760 frater,
2233 1696 2300 1749 ut
2325 1691 2485 1749 nobis

238 1777 505 1851 deinceps
551 1779 663 1836 tale
708 1778 933 1852 aliquid
976 1777 1209 1836 minime
1252 1778 1443 1836 scriba
1456 1797 1516 1846 s,
1566 1778 1704 1851 quia
1750 1779 2120 1850 fastidiosum
2164 1783 2220 1837 et
2243 1779 2482 1838 iniurio-

239 1885 370 1925 sum
415 1867 577 1925 nobis
620 1867 877 1925 videtu
893 1887 945 1936 r,
994 1866 1131 1925 dum
1172 1865 1361 1926 illud0
1416 1866 1579 1925 nobis
1623 1867 1924 1942 inyeritur,
1972 1868 2120 1941 quod
2163 1886 2266 1926 nos
2309 1868 2482 1926 omni-

136 1978 200 2018 15
240 1945 451 2014 modost
504 1955 865 2014 detestamur.
972 1955 1143 2014 Absit
1190 1945 1347 2014 'enim
1392 1976 1431 2014 a
1474 1955 1638 2014 nobis
1683 1961 1738 2013 et
1781 1975 1818 2015 a
1861 1957 2076 2014 nostris
2121 1957 2362 2026 clericis,
2422 1961 2488 2015 ut

240 2045 453 2102 donum
467 2090 485 2112 ‚
556 2043 705 2118 quod
760 2063 875 2118 per
942 2043 1201 2118 Spiritus
1267 2045 1451 2103 sancti
1516 2044 1771 2119 qratiam
1838 2045 2216 2118 suscepimus,
2283 2046 2483 2119 precio

239 2132 641 2202 venundemus,
689 2133 873 2207 quia
917 2133 1025 2192 illa
1080 2133 1199 2192 tria
1233 2134 1449 2208 pallia,
1486 2152 1634 2207 pro
1679 2133 1968 2207 quibus,
2031 2137 2082 2192 te
2139 2139 2482 2209 su99erente,

239 2227 308 2280 ut
340 2221 733 2295 prediximus,
780 2221 999 2296 slaqita
1016 2222 1073 2279 ti
1118 2240 1332 2291 sumus,
1385 2223 1609 2281 nullum
1660 2227 1915 2296 eapeten
1930 2227 1992 2281 te
2005 2221 2071 2282 s⁰
2114 2224 2481 2292 commodum,
2569 2299 2572 2302 ι

243 2311 735 2370 tradidimus.
842 2310 1093 2384 Insuper
1152 2316 1206 2368 et
1262 2315 1511 2381 cartas,
1574 2299 1761 2386 quaef
1813 2312 2116 2370 secundum
2171 2331 2386 2372 morem
2447 2332 2484 2370 a

142 2426 203 2465 20
240 2405 438 2458 nostro
484 2399 697 2458 scrinio
732 2418 850 2472 pro
898 2397 1366 2471 confirmationeg
1401 2404 1469 2458 et
1510 2400 1776 2459 doctrina
1804 2401 2152 2470 tribuuntur,
2185 2401 2254 2460 de
2289 2405 2484 2460 nostro

241 2489 634 2558 concessimus,
682 2489 830 2546 nihil
863 2488 1051 2562 prog
1101 2487 1183 2546 eis
1229 2489 1712 2562 accipientes.

461 2594 800 2669 Suyyessisti
868 2595 1041 2653 etiam
1106 2594 1269 2652 nobis
1324 2612 1439 2667 per
1504 2595 1630 2652 alia
1697 2595 1916 2668 scripta
1990 2600 2120 2664 tua,
2204 2595 2355 2669 quod
2419 2595 2484 2653 in

241 2685 551 2758 Bayoaria
594 2702 769 2742 unum
814 2683 1163 2757 repperisses
1209 2683 1429 2753 falsum
1472 2682 1837 2752 sacerdotem,
1886 2684 1986 2758 qui
2016 2683 2377 2755 affirmabat,
2409 2702 2439 2742 s
2453 2703 2483 2742 e

244 2793 284 2832 a
328 2773 489 2832 nobis
534 2773 874 2831 ordinatum
919 2791 1076 2830 esse
1120 2771 1471 2844 episcopum.
1568 2770 1710 2830 Sed
1755 2776 1854 2830 tua
1901 2773 2245 2843 fraternitas
2275 2773 2483 2847 optime

145 2889 203 2927 25
242 2863 375 2936 eqit,
438 2863 573 2921 dum
634 2881 716 2920 ea
773 2879 885 2919 non
944 2861 1245 2929 credens,
1317 2879 1487 2934 quae
1546 2861 1720 2931 falso
1787 2861 2094 2930 retulit,
2165 2861 2481 2920 sacerdotio

241 2952 469 3010 illum
517 2950 893 3025 privasti.
990 2948 1087 3008 Sic
1145 2950 1349 3008 etenim
1408 2949 1744 3008 auctoritate
1805 2949 1954 3008 beati
1999 2950 2165 3008 Petri
2224 2952 2482 3024 apostoli

230 3041 610 3114 precipimus,
668 3044 751 3108 ut,
812 3057 1206 3113 quemcumque
1264 3039 1591 3112 reppereris
1635 3038 1820 3097 sacris
1865 3039 2170 3098 canonibus
2229 3040 2480 3110 deviare,

241 3129 408 3188 nulla
451 3129 674 3188 ratione
707 3128 977 3202 paciaris
1022 3146 1251 3186 sacrum
1295 3127 1680 3186 ministerium
1726 3132 1782 3186 tr
1796 3147 1833 3186 a
1848 3133 2022 3187 ctare.

457 3235 542 3294 Et
583 3235 721 3309 quia
765 3235 991 3293 sciscita
1007 3239 1080 3293 tu
1094 3253 1123 3293 3
1168 3253 1197 3292 e
1218 3253 1247 3293 s
1261 3280 1281 3303 ,
1328 3235 1383 3293 si
1427 3235 1654 3294 deberes
1697 3234 1760 3293 in
1804 3234 2140 3309 Bayoariae
2173 3235 2483 3310 provincia

148 3352 205 3391 30
241 3325 335 3382 ius
393 3325 597 3383 habere
632 3323 1069 3398 predicationis,
1142 3341 1312 3397 quam
1366 3343 1403 3382 a
1455 3325 1740 3383 decessore
1796 3330 1991 3382 nostro
2050 3325 2300 3383 habuisti
2358 3343 2480 3382 con-

244 3431 477 3482 cessam,
525 3431 629 3472 nos
672 3431 707 3486 q
721 3431 759 3470 u
776 3431 809 3470 o
823 3431 945 3486 que,
993 3412 1313 3471 auxiliante
1356 3412 1505 3483 Deo,
1553 3431 1584 3471 o
1600 3413 1747 3470 mni
1765 3431 1802 3470 a
1815 3459 1834 3482 ,
1883 3431 2027 3486 quae
2073 3413 2177 3470 tibi
2236 3413 2484 3486 larqitus

242 3507 328 3560 est
371 3502 625 3560 decessor
670 3489 762 3559 eth
805 3501 1179 3575 prodecessor
1222 3505 1430 3570 noster,
1476 3519 1589 3559 non
1645 3501 1976 3570 minuimus,
2036 3501 2136 3560 sed
2193 3519 2477 3576 augemus.

242 3591 427 3649 Nam
484 3609 596 3649 non
639 3591 823 3649 solum
867 3590 1249 3664 Bayoariam,
1305 3590 1404 3648 sed
1462 3590 1634 3648 etiam
1695 3608 1911 3648 omnem
1959 3588 2293 3648 Galliarum
2340 3585 2480 3665 pro-

240 3679 511 3749 vinciam,
558 3679 729 3738 donec
776 3684 827 3737 te
871 3679 1073 3737 divina
1124 3679 1361 3737 iusserit
1413 3697 1704 3753 superesse
1758 3679 2045 3747 maiestas,
2107 3684 2306 3738 nostra
2362 3679 2483 3738 vice

148 3793 204 3833 35
229 3787 347 3842 per
381 3768 832 3842 predicationem
892 3768 997 3826 tibi
1054 3768 1221 3826 iniun
1232 3768 1378 3841 qim
1392 3786 1505 3836 us,
1560 3773 1643 3826 ut
1697 3786 1842 3841 quae
1899 3769 2226 3842 reppereris
2285 3773 2483 3827 contra

242 3857 619 3916 christianam
662 3856 993 3930 reliqionem
1038 3857 1128 3914 vel
1172 3874 1447 3915 canonum
1476 3857 1740 3916 instituta
1783 3856 2066 3916 ibidem
2112 3857 2480 3928 detineri,

242 3946 320 4006 ad
364 3964 626 4004 normam
670 3945 1029 4004 rectitudinis
1071 3945 1231 4004 stude
1245 3963 1323 4004 as
1368 3948 1713 4017 reformare.

456 4175 558 4217 vn.
616 4175 719 4225 cap.
748 4177 815 4215 11.
882 4176 921 4215 1.
953 4175 994 4214 3.

238 4283 284 4335 a)
312 4284 378 4321 ita
405 4283 455 4333 13
483 4293 529 4321 n.
560 4282 653 4322 ind.
684 4286 763 4321 tua
790 4283 840 4332 ὃς
871 4293 917 4325 n.
942 4286 1019 4322 tua
1047 4282 1079 4321 i.
1108 4282 1249 4330 Epist.
1378 4281 1423 4332 b)
1451 4281 1581 4320 nobis
1609 4292 1638 4321 a.
1665 4285 1710 4320 te
1737 4282 1778 4321 3.
1889 4283 1930 4332 e)
1959 4293 2044 4322 om.
2074 4283 2115 4324 3.
2226 4280 2273 4334 d)
2300 4283 2481 4323 omnino

145 4347 203 4384 40
239 4334 334 4376 det.
365 4336 406 4375 8.
534 4335 577 4388 e)
605 4335 887 4384 exponentes
916 4337 963 4387 1;
994 4335 1217 4384 quispiam
1244 4355 1295 4364 -
1324 4335 1515 4384 expetiit
1539 4333 1682 4383 Epist.
1804 4335 1840 4387 1)
1869 4346 1982 4384 quan
2010 4337 2050 4378 3.
2173 4338 2217 4387 g)
2247 4335 2482 4376 confirma-

240 4391 364 4430 tione
392 4413 444 4420 —
472 4389 587 4428 nihil
614 4400 697 4438 pro
726 4399 811 4432 om.
841 4389 881 4428 3.
992 4389 1039 4440 h)
1070 4394 1116 4428 et
1142 4399 1212 4437 pr.
1244 4399 1327 4431 om.
1359 4388 1397 4428 3.

348 4478 483 4520 Vitae
506 4478 741 4518 Bonifatii.
1992 4481 2058 4534 13
