3167 5192
467 690 699 783 Willigald.

534 756 570 784 c.
616 772 627 783 .

485 2971 624 3019 Epist.
642 2970 707 3013 45.

722 514 827 569 146
941 510 1185 567 VITAE
1219 510 1626 566 BONIFATII
1662 510 2019 567 AUCTORE
2055 510 2365 567 OTLOHO
2403 510 2642 567 LIBER
2677 512 2726 570 I.

720 699 1007 769 runt²,
1068 701 1176 757 alii
1234 700 1427 757 etiam
1485 687 1650 757 aliab
1703 702 2190 759 innumerabilia
2255 702 2958 776 perversitatis

721 790 1159 865 figmenta
1227 794 1688 864 sequentes,
1767 808 2001 864 magna
2075 806 2152 848 ex
2228 794 2406 866 parte
2481 792 2791 867 populum
2867 808 2958 848 se·

722 880 1059 936 duxerunt.
1161 877 1285 935 Sed
1354 882 1614 936 sanctus
1681 897 1724 953 p
1747 896 1780 935 r
1801 896 1836 935 e
1860 896 1890 935 s
1913 897 1958 936 u
1979 880 2003 935 1
2070 896 2104 936 c
2127 898 2172 936 u
2194 897 2260 936 m
2327 884 2357 937 t·
2380 896 2418 937 a
2441 898 2484 937 n
2510 884 2539 938 t
2561 898 2600 938 a
2621 899 2687 938 m
2759 898 2960 938 sacer·

722 968 947 1025 dotum
1020 966 1461 1024 fallaciam
1546 971 1810 1043 atque
1885 968 2357 1026 maliciam
2433 970 2709 1027 aliter
2781 985 2961 1026 non

720 1073 997 1131 posse
1070 1056 1561 1141 prvohiberi
1637 1058 2288 1132 conspiceret,
2378 1059 2768 1132 provinciam
2845 1058 2962 1115 Ba·
2999 1074 3025 1114 5

720 1145 893 1220 goari
916 1162 956 1201 a
978 1143 1053 1203 οὓ
1067 1186 1083 1215 ,
1144 1133 1439 1203 Otilonecl
1498 1145 1660 1203 duce
1727 1146 2182 1214 consentiente,
2261 1147 2330 1203 in
2385 1150 2670 1221 ‘quatuor
2739 1147 2964 1205 divisit

721 1233 1083 1308 parrochias
1128 1230 1403 1310 tresque
1450 1247 1856 1311 magnarum
1903 1228 2238 1291 virtutum
2286 1236 2373 1291 vi
2396 1254 2427 1292 r
2449 1251 2486 1294 ο
2511 1254 2542 1293 s
2595 1253 2631 1293 e
2653 1236 2707 1293 is
2753 1254 2798 1311 p
2822 1255 2855 1292 r
2879 1254 2914 1293 e
2939 1266 2963 1277 -

720 1320 913 1381 fecit⁶
928 1365 943 1391 ,
1021 1338 1180 1397 quos
1254 1323 1652 1381 ordinatione
1725 1322 1898 1381 facta
1969 1324 2038 1380 in
2085 1312 2090 1317 ’
2113 1324 2454 1399 episcopal
2477 1342 2512 1381 e
2535 1343 2602 1381 m
2685 1326 2963 1400 gradum

722 1411 1001 1468 sublim
1024 1412 1178 1469 avit.
1272 1410 1555 1482 Quorum
1599 1412 1840 1487 primus
1901 1412 2156 1469 nomine
2172 1399 2200 1441 f
2252 1412 2568 1471 Iohannes
2613 1414 2680 1470 in
2727 1414 2964 1489 oppido

724 1499 892 1575 quod
968 1500 1198 1557 dicitur
1266 1499 1569 1574 Salzburg
1643 1501 2012 1558 cathedram
2081 1501 2423 1576 episcopal
2447 1519 2482 1559 e
2506 1521 2569 1559 m
2641 1504 2961 1577 suscepit3
3003 1519 3052 1557 ιο

722 1588 1043 1645 secundus
1090 1588 1383 1646 Erinbert
1407 1606 1449 1645 u
1476 1588 1552 1645 sg
1602 1590 1694 1645 in
1740 1589 2129 1664 Frisingensi
2190 1592 2418 1664 ecclesi
2443 1609 2482 1648 a
2545 1609 2576 1648 r
2598 1609 2633 1649 e
2656 1610 2697 1667 g
2719 1592 2742 1648 i
2765 1610 2832 1648 m
2858 1609 2893 1649 e
2919 1610 2967 1648 n

724 1676 1310 1751 pontificale
1370 1678 1602 1746 subiit3
1663 1679 1896 1736 tercius
1946 1665 2303 1737 Growiboltll
2367 1680 2464 1736 in
2525 1681 2966 1755 Ratispo-

722 1783 769 1821 n
792 1783 827 1823 e
851 1784 893 1823 n
920 1766 993 1822 si
1038 1766 1261 1823 civitat
1282 1783 1318 1823 e
1336 1810 1351 1835 ,
1406 1780 1583 1843 quae
1627 1761 2030 1845 metropolis
2077 1761 2497 1845 Bagoariaee
2554 1768 2676 1840 est,
2740 1788 2782 1845 p
2808 1787 2847 1827 o
2871 1788 2916 1826 n
2945 1800 2966 1811 ·

722 1854 970 1911 tifex
1032 1856 1697 1914 constituitur.
1793 1849 2078 1917 Vivalus
2137 1871 2320 1928 vero,
2383 1872 2424 1915 a
2484 1852 2756 1935 presule
2805 1874 2968 1936 apo·

724 1937 969 2001 stolico
1014 1936 1151 2001 iam
1200 1938 1557 2001 ordinatus
1578 1938 1620 2014 ¹,
1669 1938 2065 2004 Pataviensi
2111 1939 2439 2025 ecclesiae
2479 1941 2785 2025 prela-tus
2820 1945 2966 2018 est;
3007 1962 3056 2001 ιε

726 2026 845 2089 sed
892 2027 1039 2090 eius
1087 2028 1467 2110 parrochia,
1514 2047 1691 2110 quae
1737 2031 1985 2110 quarta
2031 2032 2198 2104 erat,
2251 2050 2293 2093 a
2329 2032 2569 2094 sancto
2601 2029 2968 2095 Bonifatio

724 2115 905 2178 sicut
974 2117 1243 2195 ceterae
1312 2115 1768 2180 dividebatur.
1883 2124 1945 2179 H
1967 2124 1990 2179 i
2013 2110 2080 2179 εἰ
2161 2140 2196 2179 e
2222 2141 2318 2199 rg
2340 2141 2377 2181 o
2444 2142 2486 2199 p
2511 2142 2547 2181 o
2571 2143 2614 2181 n
2639 2128 2669 2181 t
2691 2125 2712 2181 i
2736 2125 2765 2182 f
2787 2126 2812 2182 i
2837 2142 2872 2183 c
2897 2126 2916 2182 i
2948 2156 2969 2166 -

724 2210 889 2266 bus
950 2210 1535 2267 constitutis
1597 2215 1725 2279 et,
1788 2228 2419 2288 quaecumque
2477 2218 2704 2271 tunc
2766 2230 2968 2271 cor-

724 2299 1119 2373 rigenda
1180 2303 1453 2356 erant
1514 2300 1581 2356 in
1641 2298 2037 2375 Bagoaria0,
2108 2302 2578 2359 correctis
2609 2344 2625 2371 ,
2685 2302 2770 2359 ad
2824 2320 2970 2377 pro-

724 2387 891 2461 prias
938 2388 1128 2445 rediit
1172 2388 1490 2461 ecclesias.
3005 2407 3056 2445 20

940 2480 1092 2569 (34).
1172 2488 1336 2552 Post
1382 2509 1519 2552 non
1566 2487 1867 2551 multum
1913 2509 2073 2554 vero
2119 2491 2450 2574 temporis
2496 2491 2746 2569 omnia,
2783 2512 2968 2574 quae

724 2579 897 2641 tunc
941 2577 1016 2639 in
1064 2576 1442 2660 Bagoaria⁰
1499 2577 1904 2659 corrigendo
1951 2578 2182 2661 gessit,
2254 2579 2474 2645 literis
2520 2581 2967 2657 transmissiS,

728 2664 987 2749 presuli
1076 2666 1454 2749 apostolico
1533 2666 1991 2731 denuntiavit.
2127 2668 2226 2731 At
2314 2667 2435 2734 ille
2527 2672 2724 2753 gesta
2817 2670 2971 2735 eius

727 2752 1039 2830 laudans,
1087 2755 1351 2818 remisit
1397 2754 1794 2819 huiusmodi
1841 2756 2099 2839 scripta
2118 2756 2161 2818 ².

725 2952 1490 3013 REVERENTISSIMO
1534 2954 1658 3013 ET
1711 2953 2272 3015 SANCTISSIMO
2332 2956 2675 3017 FRATRI
2722 2957 2971 3018 BONI·
3008 2973 3055 3013 25

725 3040 988 3101 FATIO
1069 3040 1590 3103 OOEPISGOPO
1633 3043 2175 3192 Raffffffffilm
2249 3044 2580 3106 SERVUS
2661 3044 2828 3107 ,ΗΕΒ
2839 3048 2968 3107 Vo-

938 3254 1213 3315 Doctoris
1270 3244 1563 3315 omniumk
1613 3258 1863 3332 qentiam
1907 3259 2119 3333 eyreyii
2162 3264 2230 3319 et
2282 3259 2432 3319 beati
2473 3258 2658 3319 Pauli
2716 3260 2971 3335 apostoli

724 3362 841 3403 vox
895 3348 999 3415 est,
1056 3344 1329 3403 dicentis:
1393 3345 1820 3421 Diligentibus
1872 3346 2080 3406 Deum
2139 3349 2352 3407 omnia
2411 3354 2833 3425 cooperantur
2901 3351 2970 3407 in
3011 3424 3016 3427 Ι

724 3434 984 3492 bonum.
1074 3432 1447 3507 Aynoseentes
1489 3433 1686 3509 itaque
1726 3434 1792 3493 in
1835 3436 2075 3509 syllabis
2120 3437 2516 3507 fratemitatis
2575 3442 2725 3508 tuae,
2787 3457 2824 3513 q
2837 3438 2971 3499 uia
3005 3451 3050 3494 30

723 3522 793 3581 de
827 3521 1174 3581 Germaniae
1214 3522 1489 3597 gentibue,
1536 3540 1681 3597 qaas
1721 3540 1830 3582 saa
1863 3524 2083 3597 pietate
2110 3524 2274 3585 Dea-s·
2311 3531 2501 3585 noster
2529 3526 2598 3585 de
2631 3531 2920 3602 potestate
2935 3516 2956 3559 ¹

714 3629 1082 3685 paqanorum
1126 3611 1395 3671 liberavit
1438 3616 1493 3670 et
1536 3612 1617 3671 ad
1661 3617 1882 3671 centum
1923 3613 2094 3673 milia
2137 3614 2367 3673 animas
2409 3615 2474 3674 in
2519 3615 2656 3675 sina
2683 3616 2968 3677 sanctaem

722 3700 933 3759 matris
998 3699 1261 3783 ecelesiae
1328 3704 1423 3759 tao
1490 3702 1785 3761 conamine
1849 3706 1904 3761 et
1961 3702 2180 3763 Karoli
2237 3704 2533 3778 principis
2599 3704 2968 3765 Francorum

937 3919 1041 3963 Vn.
1094 3921 1231 3969 cm,
1258 3921 1326 3961 83.
1356 3920 1423 3960 34.
1490 3923 1529 3961 1.
1561 3922 1737 3966 zenae.

722 4027 769 4076 a)
797 4022 1133 4075 deputaverunt
1158 4026 1227 4069 sb.
1327 4028 1373 4078 b)
1402 4038 1486 4072 om.
1513 4026 1590 4078 (1).
1621 4029 1660 4071 3.
1767 4029 1810 4079 c)
1837 4030 1900 4068 ita
1928 4032 1987 4073 2ο.
2015 4031 2066 4080 33
2104 4028 2284 4073 Βαίου.
2317 4030 2453 4079 2a.b;
2487 4030 2667 4073 Bawar.
2697 4032 2734 4069 1.
2835 4030 2881 4078 d)
2907 4031 2963 4070 ab
2999 4031 3045 4073 35

723 4080 908 4121 Utilone
946 4080 1013 4123 ab.
1174 4082 1217 4128 e)
1252 4080 1316 4119 ita
1340 4080 1383 4121 1.
1414 4081 1463 4131 3;
1502 4082 1688 4131 pretulit
1717 4084 1838 4125 8a.b.
1857 4094 1906 4129 e,-
1940 4083 2210 4133 praesedere
2237 4084 2346 4123 tecit
2379 4084 2541 4123 Wib.
2699 4084 2735 4135 ἲ)
2773 4094 2860 4126 om.
2899 4084 2962 4123 20.

724 4135 769 4225 ξ)
795 4133 859 4171 ita
886 4134 981 4174 rell.
995 4146 1013 4181 ,·
1039 4131 1305 4173 Ermbertus
1334 4134 1397 4176 21».
1412 4135 1442 4173 d
1448 4146 1467 4183 ‚0
1494 4134 1715 4175 Erbertus
1735 4138 1797 4177 20.
1901 4136 1948 4185 h)
1977 4137 2040 4175 ita
2068 4138 2107 4177 1.
2139 4137 2265 4176 sab.
2295 4137 2345 4187 ὃς
2377 4137 2590 4179 Goviholt
2616 4138 2700 4185 26,-
2725 4137 2963 4178 Gaibalt

750 4198 787 4227 e.
804 4196 826 4225 ο
855 4198 952 4225 cum
988 4186 1147 4227 Wilub.
1256 4186 1290 4238 i)
1321 4187 1417 4227 mle
1446 4188 1582 4235 igitur
1611 4200 1655 4238 p.
1689 4190 1727 4229 1.
1837 4188 1887 4237 k)
1913 4190 1976 4229 ita
2007 4192 2053 4239 13
2079 4200 2164 4229 om.
2195 4191 2290 4232 reu.
2407 4190 2441 4241 1)
2467 4191 2728 4239 paganismo
2745 4202 2838 4239 pro
2865 4196 2960 4241 pot.

723 4250 828 4289 pag.
858 4239 925 4280 ab.
1036 4241 1096 4293 m)
1124 4251 1342 4289 superator.
1372 4242 1435 4281 20.

730 4418 781 4483 l)
841 4418 924 4484 Cf.
974 4420 1187 4472 litteras
1234 4418 1491 4486 (iream-ii
1521 4419 1632 4473 III.
1683 4419 1862 4486 (infra
1903 4436 1964 4487 p.
2003 4421 2124 4485 147,
2166 4421 2272 4487 10).
2488 4420 2545 4489 2)
2595 4420 2756 4487 Jaffe'
2798 4438 2853 4477 n.
2889 4422 2960 4477 38
2993 4436 3044 4476 4⁰

726 4488 807 4555 (p.
850 4488 1014 4553 104),·
1060 4490 1340 4542 Mmmler
1380 4506 1437 4546 n.
1473 4491 1545 4545 45
1586 4492 1669 4559 (p.
1706 4492 1857 4556 293).
