3167 5192
698 520 767 573 92
867 515 1057 571 VITA
1094 514 1410 585 QUARTA
1444 514 1848 571 BONIFATII
1882 514 2241 571 AUCTORE
2277 514 2758 573 MOGUNTINO.

698 719 825 764 nec
894 700 1138 764 ceteris
1201 698 1654 783 optimatibus
1719 699 2098 764 vindictam
2166 700 2382 784 patris
2451 701 2710 765 crimen
2779 720 2924 764 esse

701 788 1251 871 dicentibusque:
1304 785 1564 852 ‘Vicem
1609 788 1916 852 reddidit
1961 788 2177 871 patris
2223 788 2488 853 morte'.

909 876 1165 940 Eodem
1212 876 1449 959 itaque
1495 879 1806 961 tempore
1849 876 2260 942 venerabilis
2308 877 2730 955 Bonifacius,
2795 877 2925 941 Do·

698 967 883 1030 mino
930 965 1247 1043 ducente,
1281 965 1367 1029 de
1398 965 1795 1029 Brittannia
1825 965 2208 1049 Anglorum
2240 969 2449 1050 gente
2481 964 2922 1032 Germaniam

694 1056 1060 1137 ingressae,
1110 1054 1468 1119 materiam
1512 1075 1718 1137 quam
1763 1054 2030 1119 invenit
2075 1055 2316 1139 optimi
2361 1055 2586 1138 operis
2631 1075 2926 1138 querens
2961 1078 2984 1117 ο

697 1142 1096 1226 predicandi
1155 1145 1228 1208 et
1287 1142 1703 1226 baptizandi,
1772 1143 1959 1207 Reno
2017 1146 2223 1207 tenus
2281 1144 2550 1208 cunctis
2609 1144 2926 1208 lustratis

698 1231 1113 1309 civitatibus,
1186 1235 1387 1297 caute
1455 1235 1537 1294 ut
1606 1232 1906 1316 prudens
1974 1232 2397 1316 prospiciens
2465 1236 2718 1315 pastor,
2788 1253 2927 1315 qua

696 1324 891 1404 parte
967 1322 1274 1386 errantes
1349 1340 1619 1403 quaque
1692 1323 1884 1386 recto
1967 1321 2214 1386 itinere
2291 1321 2686 1404 gradientes
2772 1342 2926 1385 con-

696 1410 991 1493 spiceret
1048 1430 1227 1486 oves,
1288 1429 1504 1493 usque
1565 1410 1730 1474 dum
1791 1410 1879 1474 ad
1939 1430 2259 1493 magnam
2319 1409 2925 1494 metropolitanam

695 1501 932 1563 sancte
976 1497 1337 1581 Moguntie
1383 1498 1756 1575 civitatem,
1803 1497 2101 1563 Domino
2146 1518 2377 1563 secum
2435 1502 2923 1575 commorante,
2960 1519 3006 1557 ιο

592 1646 594 1648 ,
696 1588 1030 1670 pervenit.
1124 1586 1279 1651 Illic
1328 1586 1631 1651 nefando
1678 1607 1882 1670 opere
1929 1588 2230 1672 episcopi
2275 1590 2622 1671 conperto,
2686 1588 2926 1651 statim

696 1677 782 1739 ad
854 1679 1063 1760 caput
1130 1675 1327 1759 regni
1394 1679 1465 1740 et
1534 1677 1623 1741 ad
1683 1676 2282 1759 comprovintiales
2351 1677 2706 1760 episcopos
2767 1698 2925 1740 cum

692 1765 961 1830 fervore
1010 1764 1306 1849 Spiritus
1351 1765 1592 1842 sancti,
1640 1760 1737 1828 ut'
1767 1765 2122 1830 confracta
2165 1765 2496 1830 solidaret
2542 1769 2614 1830 et
2659 1766 2927 1829 dissuta

696 1854 1009 1917 acumine
1055 1854 1543 1936 predicationis
1591 1853 1936 1937 euangelii
1981 1856 2360 1932 consueret,
2423 1853 2774 1931 confluxit,
2835 1873 2925 1918 ne

694 1943 944 2007 veteris
990 1942 1506 2007 consuetudinis
1552 1962 1821 2026 pannus
1864 1945 2087 2007 totam
2131 1943 2294 2007 fidei
2339 1946 2600 2007 vestem
2629 1943 2923 2021 fedaret,
2960 1960 3005 1999 1⁵

696 2032 948 2113 eisque,
994 2034 1076 2093 ut
1122 2033 1272 2095 erat
1317 2031 1550 2113 magni
1596 2031 1878 2116 ingenii,
1928 2032 2012 2096 de
2059 2031 2362 2116 periculo
2416 2031 2644 2115 gregis
2705 2034 2776 2096 et
2836 2032 2925 2096 de

696 2118 1104 2184 habitudine
1151 2120 1454 2203 episcopi
1494 2120 1778 2185 silenter
1805 2120 2174 2185 intimavit.
2250 2121 2349 2184 At
2392 2120 2512 2184 ille
2544 2119 2630 2184 ab
2665 2120 2919 2185 eisdem

696 2211 979 2271 vocatus
1026 2211 1099 2273 et
1144 2230 1185 2271 a
1231 2211 1471 2272 sancto
1517 2208 1921 2273 Bonifacio⁸
1974 2210 2389 2283 admonitus,
2437 2229 2525 2274 ne
2573 2209 2708 2274 sibi
2753 2210 2922 2293 peri-

698 2296 930 2360 culum
1007 2300 1078 2361 et
1154 2296 1409 2381 populo
1494 2290 1810 2380 pararetb
1894 2298 2338 2382 precipicium
2357 2348 2371 2375 ‚
2461 2298 2700 2361 statim
2775 2298 2922 2362 sine

696 2386 1195 2468 repugnatione
1242 2386 1552 2451 honestis
1597 2386 1876 2451 monitis
1923 2387 2269 2451 consentit
2315 2390 2386 2451 et
2431 2387 2578 2451 sine
2623 2386 2924 2451 sinodali
2957 2405 3006 2444 ιο

696 2474 1198 2558 disceptatione
1244 2476 1476 2540 sedem
1534 2479 1608 2540 et
1663 2476 2095 2558 parrochiam
2153 2496 2195 2539 a
2251 2476 2502 2559 quibus
2560 2478 2921 2559 acceperat

694 2564 1121 2628 redonavit0·
1143 2564 1166 2601 1
1242 2584 1575 2646 suumque
1652 2564 2081 2629 elaboratum
2173 2565 2261 2629 ad
2339 2564 2671 2629 Sanctum
2745 2564 2922 2627 Mar-

693 2653 916 2716 tinum
931 2647 986 2690 ‘¹·
1007 2654 1031 2691 2
1074 2653 1367 2717 tradidit
1410 2653 1485 2716 in
1529 2653 1824 2737 pecunia
1867 2655 1940 2718 et
1998 2653 2376 2737 mancipiis,
2438 2653 2600 2735 quia
2658 2654 2920 2718 heredi-

694 2745 910 2807 tatem
972 2742 1177 2807 aliam
1245 2742 1321 2805 in
1382 2742 1534 2807 istis
1603 2742 1996 2825 regionibus
2054 2763 2196 2806 non
2265 2742 2586 2806 habebat.
2697 2742 2787 2805 Et
2846 2743 2918 2804 in

692 2829 1099 2895 beneficium
1171 2831 1686 2915 Spanesheime·
1708 2831 1734 2870 ³
1805 2830 2118 2894 villulam
2195 2834 2265 2896 et
2347 2830 2706 2896 ecclesiam
2790 2850 2919 2914 que
2955 2848 3004 2887 2⁵

903 3004 959 3044 V.
1015 3003 1191 3051 Gap.1.
1259 3004 1297 3047 1.

693 3094 738 3139 a)
769 3092 981 3131 canonice
1008 3092 1109 3133 aad.
1136 3092 1187 3133 F.
1320 3092 1366 3139 b)
1403 3093 1466 3130 ita
1492 3093 1553 3139 F,·
1581 3094 1750 3141 pariter
1780 3093 1817 3136 1.
1847 3092 1911 3133 1¹⁸¹.
2049 3092 2090 3143 c)
2128 3092 2362 3131 renodavit
2392 3092 2431 3142 1,
2464 3102 2580 3133 corr.
2720 3091 2769 3142 d)
2801 3093 2920 3130 Mar-

695 3149 851 3195 tynum
880 3145 918 3186 1.
1030 3149 1074 3193 e)
1100 3146 1163 3183 ita
1188 3145 1250 3193 F,-
1278 3144 1584 3194 Spancsheum
1614 3146 1652 3189 1.

694 3288 749 3354 l)
792 3288 865 3339 At
898 3288 1196 3355 cpi-scopum
1228 3290 1445 3339 minime
1478 3289 1711 3354 quidum
1735 3290 2034 3355 rceiynassc
2065 3304 2130 3339 ex
2159 3288 2386 3355 epistula
2409 3288 2712 3340 Zachariae
2739 3304 2920 3355 papae

693 3375 745 3414 a.
785 3360 890 3413 745
939 3357 1076 3425 (Oct.
1114 3361 1210 3420 31)
1258 3361 1458 3426 scripta
1494 3359 1706 3425 (Bonis.
1742 3375 1819 3427 cp.
1859 3362 1945 3426 60,
1990 3377 2046 3427 Ρ.
2084 3362 2216 3425 325)
2257 3360 2610 3426 intellegitur:
2656 3358 2919 3411 intimasti
2953 3372 3002 3411 so

692 3427 849 3483 nobis
885 3427 954 3483 de
980 3428 1086 3481 alio
1112 3428 1395 3483 seductore
1419 3428 1641 3482 nomine
1665 3428 1962 3497 Geoleob0,
1989 3429 2080 3497 qui
2105 3433 2266 3483 antea
2289 3429 2423 3483 false
2447 3429 2686 3497 episcopi
2709 3428 2918 3482 honore

690 3500 1036 3567 fungebatur,
1075 3503 1131 3553 et
1165 3500 1295 3567 quia
1330 3499 1446 3553 sine
1483 3498 1868 3568 cuiuscumque
1903 3500 2155 3553 consultu
2192 3500 2339 3568 apud
2374 3517 2471 3553 nos
2506 3507 2783 3568 properat.
2843 3498 2918 3553 Et

694 3569 824 3623 dum
861 3570 1159 3639 advenerit,
1196 3574 1257 3624 ut
1292 3571 1529 3625 Domino
1564 3571 1850 3639 placuerit,
1891 3570 2003 3627 fiet.
2076 3572 2322 3637 Betthar-9
2355 3573 2403 3638 Ι,
2442 3574 2548 3627 572
2571 3587 2647 3638 sq,
2685 3574 2914 3635 coniecit,

694 3642 768 3692 ad
804 3642 1112 3695 Gooloobum
1152 3649 1387 3711 spectare
1433 3643 1593 3695 verba
1627 3643 1930 3695 Zachariae
1968 3659 2149 3711 papae
2197 3658 2248 3698 a.
2287 3645 2408 3699 751.
2455 3644 2659 3710 scripta
2707 3643 2916 3708 (Bonis.

692 3729 773 3779 ep.
794 3715 883 3779 87,
912 3730 970 3780 Ρ.
997 3716 1128 3775 371)
1143 3732 1163 3765 .·
1198 3712 1503 3782 Episcopus
1541 3716 1725 3766 autem
1761 3712 2208 3781 condempnatus,
2233 3744 2304 3753 —
2327 3744 2399 3752 —
2423 3713 2517 3779 qui
2551 3717 2918 3781 pugnator
2952 3725 3000 3765 ³5

694 3788 751 3836 et
786 3783 1084 3837 fornicator
1118 3784 1302 3837 existit
1344 3786 1506 3851 atque
1542 3801 1630 3837 res
1665 3783 1924 3837 ecclesiae
1959 3788 2083 3852 post
2119 3780 2565 3853 degradationem
2602 3782 2709 3836 sibi
2741 3782 2915 3836 vindi-

694 3870 818 3907 care
841 3853 1061 3921 nitetur,
1098 3863 1145 3907 et
1168 3872 1218 3921 q.
1242 3871 1286 3910 8.
1392 3858 1448 3921 2)
1474 3855 1736 3907 Ecclesiae
1758 3855 1814 3909 S.
1839 3855 2080 3907 Martini
2098 3854 2448 3921 Moquntinac
2467 3855 2590 3907 inde
2612 3855 2682 3907 ab
2715 3872 2769 3909 a.
2796 3858 2914 3911 752.

692 3940 845 3993 saepe
891 3926 950 3977 in
997 3925 1201 3977 chartis
1241 3925 1597 3978 Fuldmsibus
1643 3927 1834 3979 mentio
1882 3927 1944 3991 fit
1993 3928 2255 3993 (primum
2289 3926 2526 3990 Dronke,
2574 3925 2750 3979 Codex
2783 3927 2913 3993 dipl.

692 3995 851 4050 Fata.
894 4014 953 4064 Ρ.
980 3998 1032 4062 5,
1075 4013 1129 4051 n.
1156 3999 1231 4062 6).
1304 3996 1493 4049 Postea
1538 3997 1754 4050 ccclesia
1800 3999 1978 4049 maior
2024 4003 2142 4049 crat
2189 4000 2260 4063 (v.
2311 3996 2739 4063 Bo‘hmer-Will,
2788 3998 2914 4063 Ray,

694 4068 1003 4134 archiepisc.
1049 4066 1297 4134 Maqunt.
1346 4068 1393 4135 I,
1436 4084 1496 4134 Ρ.
1537 4070 1658 4136 141,
1708 4085 1762 4122 n.
1803 4070 1973 4131 164),·
2021 4069 2090 4133 cf.
2140 4068 2268 4136 dipl.
2323 4066 2528 4119 ottonis
2576 4068 2656 4120 ΙΙ.
2708 4086 2761 4124 a.
2814 4072 2913 4124 977
2946 4080 2998 4119 40

692 4138 905 4204 (θίασοι,
942 4138 1072 4193 MG.
1110 4139 1257 4205 Dipl.
1292 4138 1375 4207 ΙΙ,
1404 4155 1465 4205 Ρ.
1507 4140 1670 4199 169).·
1707 4138 1776 4191 ad
1813 4138 2098 4193 ecclesiam
2134 4138 2306 4193 sancti
2340 4136 2572 4190 Martini
2607 4168 2678 4179 —
2713 4171 2788 4179 —
2821 4139 2912 4192 ubi

692 4208 845 4261 sedes
894 4208 1214 4276 episcopalis
1260 4213 1358 4263 est.
1433 4210 1516 4274 Cf.
1555 4209 1779 4277 Schaab,
1819 4210 2020 4265 ‘Ge-sch.
2063 4211 2159 4263 der
2193 4211 2350 4263 stadt
2386 4210 2599 4262 Mainz'
2637 4210 2720 4276 II,
2763 4212 2911 4275 1844,

686 4298 743 4349 Ρ.
788 4283 861 4335 22
894 4296 1003 4347 sqq.
1019 4298 1040 4343 ,·
1103 4280 1167 4335 G.
1205 4280 1252 4335 Ι.
1290 4279 1369 4335 W.
1407 4280 1658 4347 Wayner,
1713 4281 1837 4335 ‘Dic
1888 4283 2214 4348 ooo-maliyen
2265 4281 2573 4348 ycktlichcn
2628 4280 2792 4345 Stiftc
2842 4284 2911 4332 im

696 4351 1210 4418 Grosshcrzoythum
1258 4351 1476 4405 Hesscn'
1526 4352 1608 4414 ΙΙ,
1658 4354 1815 4417 1878,
1857 4369 1916 4419 Ρ.
1955 4356 2060 4409 353
2082 4370 2192 4421 sqq.
2206 4371 2226 4414 ,·
2275 4353 2350 4406 K.
2388 4352 2452 4407 G.
2493 4352 2912 4415 Bochcnheimer‚

692 4422 827 4475 ‘Der
859 4424 999 4475 Dom
1040 4439 1113 4473 zu
1148 4423 1375 4489 Mainz',
1414 4425 1570 4489 1879,
1614 4440 1673 4490 Ρ.
1711 4426 1762 4479 5.
1943 4426 1999 4492 3)
2046 4424 2357 4493 Spomheim
2391 4426 2535 4476 vicus
2573 4440 2746 4491 prope
2781 4424 2909 4475 Bin—
2943 4434 2995 4473 45

688 4495 837 4557 ‚qiam
871 4496 932 4545 in
967 4493 1178 4547 Has-sia
1211 4494 1491 4549 Rhemum.

3098 0 3118 425 4
