<?xml version="1.0" encoding="UTF-8"?>
<!DOCTYPE html PUBLIC "-//W3C//DTD XHTML 1.0 Transitional//EN"
    "http://www.w3.org/TR/xhtml1/DTD/xhtml1-transitional.dtd">
<html xmlns="http://www.w3.org/1999/xhtml" xml:lang="en" lang="en">
 <head>
  <title>
</title>
<meta http-equiv="Content-Type" content="text/html;charset=utf-8" />
  <meta name='ocr-system' content='tesseract 3.04.00' />
  <meta name='ocr-capabilities' content='ocr_page ocr_carea ocr_par ocr_line ocrx_word'/>
</head>
<body>
  <div class='ocr_page' id='page_1' title='image "./vitaesanctiboni00mogugoog_0085.png"; bbox 0 0 3167 5192; ppageno 0'>
   <div class='ocr_carea' id='block_1_1' title="bbox 694 478 2049 536">
    <p class='ocr_par' dir='ltr' id='par_1_1' title="bbox 694 478 2049 536">
     <span class='ocr_line' id='line_1_1' title="bbox 694 478 2049 536; baseline 0 0"><span class='ocrx_word' id='word_1_1' title='bbox 694 479 1011 536; x_wconf 82' lang='lat' dir='ltr'><strong>LXXVIII</strong></span> <span class='ocrx_word' id='word_1_2' title='bbox 1586 478 2049 536; x_wconf 78' lang='lat' dir='ltr'><strong>PRAEFATIO.</strong></span> 
     </span>
    </p>
   </div>
   <div class='ocr_carea' id='block_1_2' title="bbox 682 663 3047 4034">
    <p class='ocr_par' dir='ltr' id='par_1_2' title="bbox 694 663 3047 1812">
     <span class='ocr_line' id='line_1_2' title="bbox 736 663 2958 744; baseline 0.002 -21"><span class='ocrx_word' id='word_1_3' title='bbox 736 719 739 723; x_wconf 78' lang='grc'><em>,</em></span> <span class='ocrx_word' id='word_1_4' title='bbox 919 663 1129 729; x_wconf 88' lang='lat' dir='ltr'><em>Otlohi</em></span> <span class='ocrx_word' id='word_1_5' title='bbox 1188 663 1339 729; x_wconf 86' lang='lat' dir='ltr'><em>Vita</em></span> <span class='ocrx_word' id='word_1_6' title='bbox 1396 663 1734 744; x_wconf 77' lang='lat' dir='ltr'><em>Bonifatii</em></span> <span class='ocrx_word' id='word_1_7' title='bbox 1789 685 1922 729; x_wconf 90' lang='lat' dir='ltr'><em>non</em></span> <span class='ocrx_word' id='word_1_8' title='bbox 1981 670 2110 729; x_wconf 88' lang='lat' dir='ltr'><em>tam</em></span> <span class='ocrx_word' id='word_1_9' title='bbox 2169 665 2260 728; x_wconf 90' lang='lat' dir='ltr'><em>ad</em></span> <span class='ocrx_word' id='word_1_10' title='bbox 2322 663 2660 729; x_wconf 78' lang='lat' dir='ltr'><em>historiam</em></span> <span class='ocrx_word' id='word_1_11' title='bbox 2725 664 2958 730; x_wconf 88' lang='lat' dir='ltr'><em>sancti</em></span> 
     </span>
     <span class='ocr_line' id='line_1_3' title="bbox 698 751 2958 834; baseline 0 -16"><span class='ocrx_word' id='word_1_12' title='bbox 698 751 1217 818; x_wconf 77' lang='lat' dir='ltr'><em>conscribendam</em></span> <span class='ocrx_word' id='word_1_13' title='bbox 1274 752 1501 817; x_wconf 77' lang='lat' dir='ltr'><em>attinet</em></span> <span class='ocrx_word' id='word_1_14' title='bbox 1554 774 1746 834; x_wconf 91' lang='lat' dir='ltr'><em>quam</em></span> <span class='ocrx_word' id='word_1_15' title='bbox 1806 753 1896 817; x_wconf 89' lang='lat' dir='ltr'><em>ad</em></span> <span class='ocrx_word' id='word_1_16' title='bbox 1958 772 2062 817; x_wconf 89' lang='lat' dir='ltr'><em>res</em></span> <span class='ocrx_word' id='word_1_17' title='bbox 2129 752 2484 818; x_wconf 80' lang='lat' dir='ltr'><em>litterarias</em></span> <span class='ocrx_word' id='word_1_18' title='bbox 2547 752 2727 818; x_wconf 88' lang='lat' dir='ltr'><em>illius</em></span> <span class='ocrx_word' id='word_1_19' title='bbox 2795 753 2958 818; x_wconf 86' lang='lat' dir='ltr'><em>aevi</em></span> 
     </span>
     <span class='ocr_line' id='line_1_4' title="bbox 696 840 2952 924; baseline 0 -18"><span class='ocrx_word' id='word_1_20' title='bbox 696 841 1176 924; x_wconf 75' lang='lat' dir='ltr'><em>coqnoscendas,</em></span> <span class='ocrx_word' id='word_1_21' title='bbox 1224 848 1409 924; x_wconf 92' lang='lat' dir='ltr'><em>atque</em></span> <span class='ocrx_word' id='word_1_22' title='bbox 1454 841 1740 906; x_wconf 90' lang='lat' dir='ltr'><em>dubitari</em></span> <span class='ocrx_word' id='word_1_23' title='bbox 1773 847 2040 923; x_wconf 87' lang='lat' dir='ltr'><em>poterat,</em></span> <span class='ocrx_word' id='word_1_24' title='bbox 2103 840 2264 922; x_wconf 89' lang='lat' dir='ltr'><em>quin</em></span> <span class='ocrx_word' id='word_1_25' title='bbox 2322 847 2524 906; x_wconf 80' lang='lat' dir='ltr'><em>textus</em></span> <span class='ocrx_word' id='word_1_26' title='bbox 2580 842 2742 907; x_wconf 89' lang='lat' dir='ltr'><em>satis</em></span> <span class='ocrx_word' id='word_1_27' title='bbox 2789 863 2952 924; x_wconf 90' lang='lat' dir='ltr'><em>pro-</em></span> 
     </span>
     <span class='ocr_line' id='line_1_5' title="bbox 698 929 2954 1013; baseline 0.001 -19"><span class='ocrx_word' id='word_1_28' title='bbox 698 929 869 995; x_wconf 75' lang='lat' dir='ltr'><em>lioeus</em></span> <span class='ocrx_word' id='word_1_29' title='bbox 913 929 1147 1013; x_wconf 77' lang='lat' dir='ltr'><em>diqnus</em></span> <span class='ocrx_word' id='word_1_30' title='bbox 1181 936 1354 1012; x_wconf 89' lang='lat' dir='ltr'><em>esset,</em></span> <span class='ocrx_word' id='word_1_31' title='bbox 1400 930 1512 1012; x_wconf 90' lang='lat' dir='ltr'><em>qui</em></span> <span class='ocrx_word' id='word_1_32' title='bbox 1556 930 1800 1012; x_wconf 76' lang='lat' dir='ltr'><em>inteqer</em></span> <span class='ocrx_word' id='word_1_33' title='bbox 1844 930 2280 995; x_wconf 80' lang='lat' dir='ltr'><em>admitteretur</em></span> <span class='ocrx_word' id='word_1_34' title='bbox 2323 937 2439 995; x_wconf 90' lang='lat' dir='ltr'><em>aut</em></span> <span class='ocrx_word' id='word_1_35' title='bbox 2479 930 2749 996; x_wconf 78' lang='lat' dir='ltr'><em>exclusis</em></span> <span class='ocrx_word' id='word_1_36' title='bbox 2778 931 2954 1013; x_wconf 86' lang='lat' dir='ltr'><em>ipsis</em></span> 
     </span>
     <span class='ocr_line' id='line_1_6' title="bbox 696 1018 3024 1118; baseline 0.001 -35"><span class='ocrx_word' id='word_1_37' title='bbox 696 1018 1004 1102; x_wconf 88' lang='lat' dir='ltr'><em>epistulis,</em></span> <span class='ocrx_word' id='word_1_38' title='bbox 1051 1040 1325 1101; x_wconf 90' lang='lat' dir='ltr'><em>quarum</em></span> <span class='ocrx_word' id='word_1_39' title='bbox 1369 1025 1570 1085; x_wconf 74' lang='lat' dir='ltr'><em>textus</em></span> <span class='ocrx_word' id='word_1_40' title='bbox 1599 1039 1698 1103; x_wconf 84' lang='lat' dir='ltr'><em>pr</em></span> <span class='ocrx_word' id='word_1_41' title='bbox 1695 1019 2037 1118; x_wconf 74' lang='lat' dir='ltr'><em>imiqenius</em></span> <span class='ocrx_word' id='word_1_42' title='bbox 2080 1018 2214 1083; x_wconf 92' lang='lat' dir='ltr'><em>iam</em></span> <span class='ocrx_word' id='word_1_43' title='bbox 2258 1018 2333 1083; x_wconf 92' lang='lat' dir='ltr'><em>in</em></span> <span class='ocrx_word' id='word_1_44' title='bbox 2379 1019 2518 1085; x_wconf 90' lang='lat' dir='ltr'><em>alia</em></span> <span class='ocrx_word' id='word_1_45' title='bbox 2561 1020 2953 1085; x_wconf 85' lang='lat' dir='ltr'><em>Monumen-</em></span> <span class='ocrx_word' id='word_1_46' title='bbox 2993 1044 3024 1084; x_wconf 73' lang='grc' dir='ltr'>ε</span> 
     </span>
     <span class='ocr_line' id='line_1_7' title="bbox 697 1107 2955 1190; baseline 0.001 -19"><span class='ocrx_word' id='word_1_47' title='bbox 697 1113 900 1172; x_wconf 90' lang='lat' dir='ltr'><em>torum</em></span> <span class='ocrx_word' id='word_1_48' title='bbox 934 1114 1127 1190; x_wconf 91' lang='lat' dir='ltr'><em>parte</em></span> <span class='ocrx_word' id='word_1_49' title='bbox 1172 1107 1378 1173; x_wconf 89' lang='lat' dir='ltr'><em>editus</em></span> <span class='ocrx_word' id='word_1_50' title='bbox 1421 1115 1597 1173; x_wconf 88' lang='lat' dir='ltr'><em>esset.</em></span> <span class='ocrx_word' id='word_1_51' title='bbox 1689 1107 1964 1174; x_wconf 76' lang='lat' dir='ltr'><em>Interim</em></span> <span class='ocrx_word' id='word_1_52' title='bbox 2008 1129 2106 1172; x_wconf 92' lang='lat' dir='ltr'><em>me</em></span> <span class='ocrx_word' id='word_1_53' title='bbox 2150 1107 2567 1173; x_wconf 77' lang='lat' dir='ltr'><em>haesitantem</em></span> <span class='ocrx_word' id='word_1_54' title='bbox 2610 1116 2955 1174; x_wconf 87' lang='lat' dir='ltr'><em>moverunt</em></span> 
     </span>
     <span class='ocr_line' id='line_1_8' title="bbox 698 1195 2948 1280; baseline 0.001 -19"><span class='ocrx_word' id='word_1_55' title='bbox 698 1202 757 1261; x_wconf 90' lang='lat' dir='ltr'><em>et</em></span> <span class='ocrx_word' id='word_1_56' title='bbox 800 1196 1103 1262; x_wconf 84' lang='lat' dir='ltr'><em>editiones</em></span> <span class='ocrx_word' id='word_1_57' title='bbox 1153 1196 1561 1280; x_wconf 80' lang='lat' dir='ltr'><em>imperfectae</em></span> <span class='ocrx_word' id='word_1_58' title='bbox 1616 1197 2000 1278; x_wconf 78' lang='lat' dir='ltr'><em>vitiosaeque</em></span> <span class='ocrx_word' id='word_1_59' title='bbox 2056 1202 2116 1261; x_wconf 89' lang='lat' dir='ltr'><em>et</em></span> <span class='ocrx_word' id='word_1_60' title='bbox 2171 1195 2325 1262; x_wconf 81' lang='lat' dir='ltr'><em>libri</em></span> <span class='ocrx_word' id='word_1_61' title='bbox 2389 1204 2422 1262; x_wconf 91' lang='lat'><em>1</em></span> <span class='ocrx_word' id='word_1_62' title='bbox 2485 1198 2766 1262; x_wconf 81' lang='lat' dir='ltr'><em>nondum</em></span> <span class='ocrx_word' id='word_1_63' title='bbox 2829 1200 2948 1264; x_wconf 89' lang='lat' dir='ltr'><em>ad-</em></span> 
     </span>
     <span class='ocr_line' id='line_1_9' title="bbox 697 1284 2948 1368; baseline 0.001 -20"><span class='ocrx_word' id='word_1_64' title='bbox 697 1285 884 1350; x_wconf 86' lang='lat' dir='ltr'><em>hibiti</em></span> <span class='ocrx_word' id='word_1_65' title='bbox 915 1285 1345 1368; x_wconf 74' lang='lat' dir='ltr'><em>praestantia,</em></span> <span class='ocrx_word' id='word_1_66' title='bbox 1394 1287 1486 1351; x_wconf 89' lang='lat' dir='ltr'><em>ad</em></span> <span class='ocrx_word' id='word_1_67' title='bbox 1517 1306 1696 1367; x_wconf 90' lang='lat' dir='ltr'><em>quem</em></span> <span class='ocrx_word' id='word_1_68' title='bbox 1727 1292 1962 1351; x_wconf 78' lang='lat' dir='ltr'><em>textum</em></span> <span class='ocrx_word' id='word_1_69' title='bbox 1990 1284 2406 1367; x_wconf 77' lang='lat' dir='ltr'><em>epistularum</em></span> <span class='ocrx_word' id='word_1_70' title='bbox 2435 1287 2612 1368; x_wconf 90' lang='lat' dir='ltr'><em>apud</em></span> <span class='ocrx_word' id='word_1_71' title='bbox 2646 1285 2948 1352; x_wconf 88' lang='lat' dir='ltr'><em>Otlohum</em></span> 
     </span>
     <span class='ocr_line' id='line_1_10' title="bbox 696 1373 2948 1455; baseline 0.001 -17"><span class='ocrx_word' id='word_1_72' title='bbox 696 1373 913 1439; x_wconf 89' lang='lat' dir='ltr'><em>multis</em></span> <span class='ocrx_word' id='word_1_73' title='bbox 980 1373 1134 1440; x_wconf 89' lang='lat' dir='ltr'><em>locis</em></span> <span class='ocrx_word' id='word_1_74' title='bbox 1199 1375 1535 1440; x_wconf 89' lang='lat' dir='ltr'><em>emendare</em></span> <span class='ocrx_word' id='word_1_75' title='bbox 1601 1374 1913 1440; x_wconf 88' lang='lat' dir='ltr'><em>successit.</em></span> <span class='ocrx_word' id='word_1_76' title='bbox 2033 1374 2214 1441; x_wconf 86' lang='lat' dir='ltr'><em>Unde</em></span> <span class='ocrx_word' id='word_1_77' title='bbox 2279 1394 2496 1439; x_wconf 90' lang='lat' dir='ltr'><em>rerum</em></span> <span class='ocrx_word' id='word_1_78' title='bbox 2561 1374 2948 1455; x_wconf 89' lang='lat' dir='ltr'><em>Bonifatia-</em></span> 
     </span>
     <span class='ocr_line' id='line_1_11' title="bbox 694 1462 3047 1546; baseline 0.001 -20"><span class='ocrx_word' id='word_1_79' title='bbox 694 1483 933 1527; x_wconf 91' lang='lat' dir='ltr'><em>narum</em></span> <span class='ocrx_word' id='word_1_80' title='bbox 975 1462 1294 1544; x_wconf 89' lang='lat' dir='ltr'><em>studiosis,</em></span> <span class='ocrx_word' id='word_1_81' title='bbox 1342 1485 1385 1527; x_wconf 89' lang='lat' dir='ltr'><em>a</em></span> <span class='ocrx_word' id='word_1_82' title='bbox 1428 1463 1659 1545; x_wconf 88' lang='lat' dir='ltr'><em>quibus</em></span> <span class='ocrx_word' id='word_1_83' title='bbox 1703 1463 1882 1529; x_wconf 90' lang='lat' dir='ltr'><em>haud</em></span> <span class='ocrx_word' id='word_1_84' title='bbox 1927 1463 2116 1528; x_wconf 87' lang='lat' dir='ltr'><em>semel</em></span> <span class='ocrx_word' id='word_1_85' title='bbox 2169 1462 2547 1545; x_wconf 88' lang='lat' dir='ltr'><em>inquisitum</em></span> <span class='ocrx_word' id='word_1_86' title='bbox 2605 1471 2712 1545; x_wconf 90' lang='lat' dir='ltr'><em>est,</em></span> <span class='ocrx_word' id='word_1_87' title='bbox 2775 1485 2947 1546; x_wconf 89' lang='lat' dir='ltr'><em>quae</em></span> <span class='ocrx_word' id='word_1_88' title='bbox 2989 1490 3047 1529; x_wconf 87' lang='lat'><em>10</em></span> 
     </span>
     <span class='ocr_line' id='line_1_12' title="bbox 694 1551 2944 1634; baseline 0.001 -19"><span class='ocrx_word' id='word_1_89' title='bbox 694 1551 978 1617; x_wconf 88' lang='lat' dir='ltr'><em>rationes</em></span> <span class='ocrx_word' id='word_1_90' title='bbox 1042 1551 1213 1617; x_wconf 87' lang='lat' dir='ltr'><em>inter</em></span> <span class='ocrx_word' id='word_1_91' title='bbox 1268 1552 1550 1634; x_wconf 85' lang='lat' dir='ltr'><em>reliquas</em></span> <span class='ocrx_word' id='word_1_92' title='bbox 1609 1552 2023 1634; x_wconf 81' lang='lat' dir='ltr'><em>epistularum</em></span> <span class='ocrx_word' id='word_1_93' title='bbox 2079 1552 2466 1618; x_wconf 87' lang='lat' dir='ltr'><em>collectiones</em></span> <span class='ocrx_word' id='word_1_94' title='bbox 2521 1559 2581 1617; x_wconf 93' lang='lat' dir='ltr'><em>et</em></span> <span class='ocrx_word' id='word_1_95' title='bbox 2645 1551 2944 1618; x_wconf 86' lang='lat' dir='ltr'><em>Otlohum</em></span> 
     </span>
     <span class='ocr_line' id='line_1_13' title="bbox 694 1639 2944 1724; baseline 0.002 -20"><span class='ocrx_word' id='word_1_96' title='bbox 694 1639 1178 1721; x_wconf 86' lang='lat' dir='ltr'><em>intercederent,</em></span> <span class='ocrx_word' id='word_1_97' title='bbox 1250 1641 1427 1706; x_wconf 88' lang='lat' dir='ltr'><em>haud</em></span> <span class='ocrx_word' id='word_1_98' title='bbox 1479 1641 1806 1724; x_wconf 74' lang='lat' dir='ltr'><em>inyratam</em></span> <span class='ocrx_word' id='word_1_99' title='bbox 1861 1641 2000 1721; x_wconf 93' lang='lat' dir='ltr'><em>fore</em></span> <span class='ocrx_word' id='word_1_100' title='bbox 2059 1639 2435 1706; x_wconf 86' lang='lat' dir='ltr'><em>crediderim</em></span> <span class='ocrx_word' id='word_1_101' title='bbox 2505 1640 2696 1706; x_wconf 91' lang='lat' dir='ltr'><em>totius</em></span> <span class='ocrx_word' id='word_1_102' title='bbox 2752 1641 2944 1708; x_wconf 89' lang='lat' dir='ltr'><em>Vitae</em></span> 
     </span>
     <span class='ocr_line' id='line_1_14' title="bbox 695 1727 2938 1812; baseline 0.001 -19"><span class='ocrx_word' id='word_1_103' title='bbox 695 1727 1033 1794; x_wconf 90' lang='lat' dir='ltr'><em>editionem</em></span> <span class='ocrx_word' id='word_1_104' title='bbox 1056 1751 1193 1794; x_wconf 90' lang='lat' dir='ltr'><em>una</em></span> <span class='ocrx_word' id='word_1_105' title='bbox 1215 1751 1352 1795; x_wconf 89' lang='lat' dir='ltr'><em>cum</em></span> <span class='ocrx_word' id='word_1_106' title='bbox 1384 1729 1686 1812; x_wconf 75' lang='lat' dir='ltr'><em>epistulis,</em></span> <span class='ocrx_word' id='word_1_107' title='bbox 1721 1731 1938 1812; x_wconf 87' lang='lat' dir='ltr'><em>quales</em></span> <span class='ocrx_word' id='word_1_108' title='bbox 1967 1729 2218 1811; x_wconf 89' lang='lat' dir='ltr'><em>quidem</em></span> <span class='ocrx_word' id='word_1_109' title='bbox 2256 1729 2440 1796; x_wconf 87' lang='lat' dir='ltr'><em>Otloh</em></span> <span class='ocrx_word' id='word_1_110' title='bbox 2469 1728 2938 1795; x_wconf 84' lang='lat' dir='ltr'><em>immutaverat.</em></span> 
     </span>
    </p>

    <p class='ocr_par' dir='ltr' id='par_1_3' title="bbox 683 1817 3040 2879">
     <span class='ocr_line' id='line_1_15' title="bbox 911 1817 2945 1902; baseline 0.001 -19"><span class='ocrx_word' id='word_1_111' title='bbox 911 1819 1015 1883; x_wconf 93' lang='lat' dir='ltr'><em>Ne</em></span> <span class='ocrx_word' id='word_1_112' title='bbox 1060 1825 1267 1883; x_wconf 90' lang='lat' dir='ltr'><em>autem</em></span> <span class='ocrx_word' id='word_1_113' title='bbox 1314 1825 1666 1900; x_wconf 77' lang='lat' dir='ltr'><em>apparatus</em></span> <span class='ocrx_word' id='word_1_114' title='bbox 1693 1817 1900 1884; x_wconf 89' lang='lat' dir='ltr'><em>nimia</em></span> <span class='ocrx_word' id='word_1_115' title='bbox 1931 1818 2261 1884; x_wconf 85' lang='lat' dir='ltr'><em>lectionum</em></span> <span class='ocrx_word' id='word_1_116' title='bbox 2291 1818 2617 1884; x_wconf 87' lang='lat' dir='ltr'><em>inutilium</em></span> <span class='ocrx_word' id='word_1_117' title='bbox 2646 1819 2945 1902; x_wconf 75' lang='lat' dir='ltr'><em>conqerie</em></span> 
     </span>
     <span class='ocr_line' id='line_1_16' title="bbox 696 1907 3040 1991; baseline 0 -20"><span class='ocrx_word' id='word_1_118' title='bbox 696 1913 1087 1987; x_wconf 88' lang='lat' dir='ltr'><em>oneraretur,</em></span> <span class='ocrx_word' id='word_1_119' title='bbox 1135 1907 1539 1972; x_wconf 85' lang='lat' dir='ltr'><em>vetustiorum</em></span> <span class='ocrx_word' id='word_1_120' title='bbox 1592 1913 1652 1972; x_wconf 86' lang='lat' dir='ltr'><em>et</em></span> <span class='ocrx_word' id='word_1_121' title='bbox 1708 1907 1989 1973; x_wconf 90' lang='lat' dir='ltr'><em>codicum</em></span> <span class='ocrx_word' id='word_1_122' title='bbox 2054 1914 2109 1971; x_wconf 98' lang='grc'><em>1.</em></span> <span class='ocrx_word' id='word_1_123' title='bbox 2173 1913 2277 1972; x_wconf 82' lang='lat' dir='ltr'><em>2a.</em></span> <span class='ocrx_word' id='word_1_124' title='bbox 2318 1910 2373 1973; x_wconf 91' lang='lat' dir='ltr'><em>b.</em></span> <span class='ocrx_word' id='word_1_125' title='bbox 2414 1929 2446 1973; x_wconf 93' lang='lat' dir='ltr'><em>c</em></span> <span class='ocrx_word' id='word_1_126' title='bbox 2503 1913 2562 1973; x_wconf 90' lang='lat' dir='ltr'><em>et</em></span> <span class='ocrx_word' id='word_1_127' title='bbox 2618 1908 2943 1991; x_wconf 76' lang='lat' dir='ltr'><em>fraymen·</em></span> <span class='ocrx_word' id='word_1_128' title='bbox 2983 1932 3040 1972; x_wconf 74' lang='grc' dir='ltr'><em>ιε</em></span> 
     </span>
     <span class='ocr_line' id='line_1_17' title="bbox 696 1995 2944 2079; baseline 0.001 -19"><span class='ocrx_word' id='word_1_129' title='bbox 696 2002 901 2060; x_wconf 86' lang='lat' dir='ltr'><em>torum</em></span> <span class='ocrx_word' id='word_1_130' title='bbox 966 1996 1047 2060; x_wconf 81' lang='grc' dir='ltr'><em>Γ.</em></span> <span class='ocrx_word' id='word_1_131' title='bbox 1111 1995 1198 2075; x_wconf 80' lang='lat' dir='ltr'><em>2f</em></span> <span class='ocrx_word' id='word_1_132' title='bbox 1243 1995 1533 2061; x_wconf 88' lang='lat' dir='ltr'><em>lectiones</em></span> <span class='ocrx_word' id='word_1_133' title='bbox 1590 1996 1812 2061; x_wconf 89' lang='lat' dir='ltr'><em>varias</em></span> <span class='ocrx_word' id='word_1_134' title='bbox 1870 1998 2180 2063; x_wconf 90' lang='lat' dir='ltr'><em>adnotare</em></span> <span class='ocrx_word' id='word_1_135' title='bbox 2237 1995 2399 2062; x_wconf 89' lang='lat' dir='ltr'><em>satis</em></span> <span class='ocrx_word' id='word_1_136' title='bbox 2456 1996 2671 2078; x_wconf 90' lang='lat' dir='ltr'><em>habui,</em></span> <span class='ocrx_word' id='word_1_137' title='bbox 2738 2018 2944 2079; x_wconf 87' lang='lat' dir='ltr'><em>neque</em></span> 
     </span>
     <span class='ocr_line' id='line_1_18' title="bbox 696 2084 2944 2169; baseline 0.001 -21"><span class='ocrx_word' id='word_1_138' title='bbox 696 2104 840 2148; x_wconf 91' lang='lat' dir='ltr'><em>vero</em></span> <span class='ocrx_word' id='word_1_139' title='bbox 886 2084 1118 2150; x_wconf 87' lang='lat' dir='ltr'><em>lituras</em></span> <span class='ocrx_word' id='word_1_140' title='bbox 1164 2091 1222 2149; x_wconf 89' lang='lat' dir='ltr'><em>et</em></span> <span class='ocrx_word' id='word_1_141' title='bbox 1264 2105 1535 2150; x_wconf 87' lang='lat' dir='ltr'><em>rasuras</em></span> <span class='ocrx_word' id='word_1_142' title='bbox 1578 2085 1856 2151; x_wconf 88' lang='lat' dir='ltr'><em>minores</em></span> <span class='ocrx_word' id='word_1_143' title='bbox 1900 2085 2142 2150; x_wconf 86' lang='lat' dir='ltr'><em>nullius</em></span> <span class='ocrx_word' id='word_1_144' title='bbox 2191 2085 2489 2151; x_wconf 90' lang='lat' dir='ltr'><em>momenti</em></span> <span class='ocrx_word' id='word_1_145' title='bbox 2547 2092 2662 2150; x_wconf 94' lang='lat' dir='ltr'><em>aut</em></span> <span class='ocrx_word' id='word_1_146' title='bbox 2717 2087 2944 2169; x_wconf 87' lang='lat' dir='ltr'><em>lapsus</em></span> 
     </span>
     <span class='ocr_line' id='line_1_19' title="bbox 697 2172 2943 2257; baseline 0.001 -19"><span class='ocrx_word' id='word_1_147' title='bbox 697 2172 932 2238; x_wconf 88' lang='lat' dir='ltr'><em>calami</em></span> <span class='ocrx_word' id='word_1_148' title='bbox 989 2172 1335 2238; x_wconf 90' lang='lat' dir='ltr'><em>levissimos</em></span> <span class='ocrx_word' id='word_1_149' title='bbox 1354 2174 1376 2213; x_wconf 86' lang='lat'>¹</span> <span class='ocrx_word' id='word_1_150' title='bbox 1432 2173 1831 2257; x_wconf 75' lang='lat' dir='ltr'><em>sinyulorum</em></span> <span class='ocrx_word' id='word_1_151' title='bbox 1888 2174 2195 2239; x_wconf 90' lang='lat' dir='ltr'><em>librorum</em></span> <span class='ocrx_word' id='word_1_152' title='bbox 2254 2174 2328 2238; x_wconf 92' lang='lat' dir='ltr'><em>in</em></span> <span class='ocrx_word' id='word_1_153' title='bbox 2385 2179 2769 2256; x_wconf 83' lang='lat' dir='ltr'><em>apparatum</em></span> <span class='ocrx_word' id='word_1_154' title='bbox 2827 2177 2943 2240; x_wconf 89' lang='lat' dir='ltr'><em>ad·</em></span> 
     </span>
     <span class='ocr_line' id='line_1_20' title="bbox 694 2261 2942 2346; baseline 0.001 -21"><span class='ocrx_word' id='word_1_155' title='bbox 694 2261 865 2343; x_wconf 89' lang='lat' dir='ltr'><em>misi,</em></span> <span class='ocrx_word' id='word_1_156' title='bbox 926 2262 1150 2343; x_wconf 92' lang='lat' dir='ltr'><em>qualia</em></span> <span class='ocrx_word' id='word_1_157' title='bbox 1194 2262 1269 2326; x_wconf 92' lang='lat' dir='ltr'><em>in</em></span> <span class='ocrx_word' id='word_1_158' title='bbox 1312 2261 1455 2346; x_wconf 84' lang='lat' dir='ltr'><em>ipso</em></span> <span class='ocrx_word' id='word_1_159' title='bbox 1504 2263 1667 2328; x_wconf 91' lang='lat' dir='ltr'><em>libro</em></span> <span class='ocrx_word' id='word_1_160' title='bbox 1714 2271 1800 2328; x_wconf 81' lang='lat' dir='ltr'><em>2a</em></span> <span class='ocrx_word' id='word_1_161' title='bbox 1859 2262 2302 2345; x_wconf 87' lang='lat' dir='ltr'><em>antiquissimo</em></span> <span class='ocrx_word' id='word_1_162' title='bbox 2357 2263 2520 2329; x_wconf 87' lang='lat' dir='ltr'><em>satis</em></span> <span class='ocrx_word' id='word_1_163' title='bbox 2576 2263 2776 2328; x_wconf 91' lang='lat' dir='ltr'><em>multa</em></span> <span class='ocrx_word' id='word_1_164' title='bbox 2837 2266 2942 2328; x_wconf 89' lang='lat' dir='ltr'><em>de-</em></span> 
     </span>
     <span class='ocr_line' id='line_1_21' title="bbox 683 2351 3037 2435; baseline 0.001 -21"><span class='ocrx_word' id='word_1_165' title='bbox 683 2351 1190 2435; x_wconf 84' lang='lat' dir='ltr'><em>prehenduntur.</em></span> <span class='ocrx_word' id='word_1_166' title='bbox 1316 2352 1405 2416; x_wconf 90' lang='lat' dir='ltr'><em>In</em></span> <span class='ocrx_word' id='word_1_167' title='bbox 1472 2353 1659 2416; x_wconf 86' lang='lat' dir='ltr'><em>rebus</em></span> <span class='ocrx_word' id='word_1_168' title='bbox 1725 2351 2233 2434; x_wconf 73' lang='lat' dir='ltr'><em>orthoqraphicis</em></span> <span class='ocrx_word' id='word_1_169' title='bbox 2297 2351 2601 2434; x_wconf 87' lang='lat' dir='ltr'><em>inprimis</em></span> <span class='ocrx_word' id='word_1_170' title='bbox 2667 2354 2942 2418; x_wconf 88' lang='lat' dir='ltr'><em>eundem</em></span> <span class='ocrx_word' id='word_1_171' title='bbox 2979 2378 3037 2416; x_wconf 62' lang='grc' dir='ltr'><em>πο</em></span> 
     </span>
     <span class='ocr_line' id='line_1_22' title="bbox 696 2439 2942 2523; baseline 0 -18"><span class='ocrx_word' id='word_1_172' title='bbox 696 2439 967 2506; x_wconf 88' lang='lat' dir='ltr'><em>codicem</em></span> <span class='ocrx_word' id='word_1_173' title='bbox 1014 2446 1101 2504; x_wconf 79' lang='lat' dir='ltr'><em>2a</em></span> <span class='ocrx_word' id='word_1_174' title='bbox 1142 2446 1388 2504; x_wconf 88' lang='lat' dir='ltr'><em>secutus</em></span> <span class='ocrx_word' id='word_1_175' title='bbox 1431 2461 1571 2505; x_wconf 89' lang='lat' dir='ltr'><em>sum</em></span> <span class='ocrx_word' id='word_1_176' title='bbox 1617 2461 1814 2523; x_wconf 89' lang='lat' dir='ltr'><em>neque</em></span> <span class='ocrx_word' id='word_1_177' title='bbox 1857 2461 2003 2506; x_wconf 87' lang='lat' dir='ltr'><em>vero</em></span> <span class='ocrx_word' id='word_1_178' title='bbox 2037 2439 2314 2523; x_wconf 88' lang='lat' dir='ltr'><em>reliquos</em></span> <span class='ocrx_word' id='word_1_179' title='bbox 2341 2439 2611 2523; x_wconf 75' lang='lat' dir='ltr'><em>neylexi,</em></span> <span class='ocrx_word' id='word_1_180' title='bbox 2643 2461 2676 2506; x_wconf 89' lang='lat' dir='ltr'><em>e</em></span> <span class='ocrx_word' id='word_1_181' title='bbox 2705 2441 2942 2523; x_wconf 89' lang='lat' dir='ltr'><em>quibus</em></span> 
     </span>
     <span class='ocr_line' id='line_1_23' title="bbox 693 2528 2941 2610; baseline 0 -16"><span class='ocrx_word' id='word_1_182' title='bbox 693 2549 836 2594; x_wconf 94' lang='lat' dir='ltr'><em>cum</em></span> <span class='ocrx_word' id='word_1_183' title='bbox 886 2535 920 2593; x_wconf 90' lang='lat'><em>1</em></span> <span class='ocrx_word' id='word_1_184' title='bbox 972 2534 1102 2592; x_wconf 90' lang='lat' dir='ltr'><em>tum</em></span> <span class='ocrx_word' id='word_1_185' title='bbox 1149 2535 1224 2593; x_wconf 82' lang='lat' dir='ltr'><em>2c</em></span> <span class='ocrx_word' id='word_1_186' title='bbox 1267 2528 1525 2610; x_wconf 88' lang='lat' dir='ltr'><em>saepius</em></span> <span class='ocrx_word' id='word_1_187' title='bbox 1567 2529 1884 2594; x_wconf 90' lang='lat' dir='ltr'><em>rationem</em></span> <span class='ocrx_word' id='word_1_188' title='bbox 1927 2529 2248 2596; x_wconf 89' lang='lat' dir='ltr'><em>scribendi</em></span> <span class='ocrx_word' id='word_1_189' title='bbox 2291 2535 2596 2595; x_wconf 82' lang='lat' dir='ltr'><em>vetustam</em></span> <span class='ocrx_word' id='word_1_190' title='bbox 2653 2550 2941 2595; x_wconf 88' lang='lat' dir='ltr'><em>servave-</em></span> 
     </span>
     <span class='ocr_line' id='line_1_24' title="bbox 691 2616 2940 2701; baseline 0.001 -19"><span class='ocrx_word' id='word_1_191' title='bbox 691 2623 865 2698; x_wconf 87' lang='lat' dir='ltr'><em>runt,</em></span> <span class='ocrx_word' id='word_1_192' title='bbox 911 2616 1010 2683; x_wconf 86' lang='lat' dir='ltr'><em>ita</em></span> <span class='ocrx_word' id='word_1_193' title='bbox 1052 2625 1124 2682; x_wconf 89' lang='lat' dir='ltr'><em>ut</em></span> <span class='ocrx_word' id='word_1_194' title='bbox 1165 2639 1391 2683; x_wconf 92' lang='lat' dir='ltr'><em>nomen</em></span> <span class='ocrx_word' id='word_1_195' title='bbox 1427 2617 1635 2684; x_wconf 86' lang='lat' dir='ltr'><em>sancti</em></span> <span class='ocrx_word' id='word_1_196' title='bbox 1667 2619 2038 2700; x_wconf 87' lang='lat' dir='ltr'><em>plerumque</em></span> <span class='ocrx_word' id='word_1_197' title='bbox 2066 2619 2142 2683; x_wconf 92' lang='lat' dir='ltr'><em>in</em></span> <span class='ocrx_word' id='word_1_198' title='bbox 2168 2640 2298 2684; x_wconf 93' lang='lat' dir='ltr'><em>uno</em></span> <span class='ocrx_word' id='word_1_199' title='bbox 2329 2617 2492 2684; x_wconf 89' lang='lat' dir='ltr'><em>libro</em></span> <span class='ocrx_word' id='word_1_200' title='bbox 2523 2625 2616 2700; x_wconf 75' lang='lat'><em>20,</em></span> <span class='ocrx_word' id='word_1_201' title='bbox 2650 2640 2940 2701; x_wconf 82' lang='lat' dir='ltr'><em>perraro</em></span> 
     </span>
     <span class='ocr_line' id='line_1_25' title="bbox 695 2706 2938 2789; baseline 0.001 -19"><span class='ocrx_word' id='word_1_202' title='bbox 695 2707 769 2771; x_wconf 92' lang='lat' dir='ltr'><em>in</em></span> <span class='ocrx_word' id='word_1_203' title='bbox 798 2714 853 2769; x_wconf 91' lang='lat'><em>1.</em></span> <span class='ocrx_word' id='word_1_204' title='bbox 877 2708 977 2789; x_wconf 78' lang='lat' dir='ltr'><em>2b,</em></span> <span class='ocrx_word' id='word_1_205' title='bbox 1010 2707 1197 2772; x_wconf 87' lang='lat' dir='ltr'><em>semel</em></span> <span class='ocrx_word' id='word_1_206' title='bbox 1215 2706 1289 2771; x_wconf 89' lang='lat' dir='ltr'><em>in</em></span> <span class='ocrx_word' id='word_1_207' title='bbox 1315 2714 1401 2772; x_wconf 78' lang='lat' dir='ltr'><em>2a</em></span> <span class='ocrx_word' id='word_1_208' title='bbox 1425 2708 1822 2772; x_wconf 77' lang='lat' dir='ltr'><em>Bonifatius</em></span> <span class='ocrx_word' id='word_1_209' title='bbox 1844 2707 2148 2789; x_wconf 84' lang='lat' dir='ltr'><em>scriptum</em></span> <span class='ocrx_word' id='word_1_210' title='bbox 2171 2707 2272 2789; x_wconf 91' lang='lat' dir='ltr'><em>sit,</em></span> <span class='ocrx_word' id='word_1_211' title='bbox 2300 2729 2439 2773; x_wconf 91' lang='lat' dir='ltr'><em>cum</em></span> <span class='ocrx_word' id='word_1_212' title='bbox 2463 2707 2635 2773; x_wconf 89' lang='lat' dir='ltr'><em>alias</em></span> <span class='ocrx_word' id='word_1_213' title='bbox 2656 2707 2869 2773; x_wconf 87' lang='lat' dir='ltr'><em>littera</em></span> <span class='ocrx_word' id='word_1_214' title='bbox 2897 2730 2938 2773; x_wconf 86' lang='lat' dir='ltr'><em>c</em></span> 
     </span>
     <span class='ocr_line' id='line_1_26' title="bbox 692 2795 3033 2879; baseline 0 -20"><span class='ocrx_word' id='word_1_215' title='bbox 692 2816 866 2860; x_wconf 89' lang='lat' dir='ltr'><em>more</em></span> <span class='ocrx_word' id='word_1_216' title='bbox 908 2795 1118 2878; x_wconf 77' lang='lat' dir='ltr'><em>maqis</em></span> <span class='ocrx_word' id='word_1_217' title='bbox 1158 2795 1484 2878; x_wconf 76' lang='lat' dir='ltr'><em>maqisque</em></span> <span class='ocrx_word' id='word_1_218' title='bbox 1526 2797 1779 2878; x_wconf 76' lang='lat' dir='ltr'><em>vulqato</em></span> <span class='ocrx_word' id='word_1_219' title='bbox 1812 2817 1939 2878; x_wconf 86' lang='lat' dir='ltr'><em>pro</em></span> <span class='ocrx_word' id='word_1_220' title='bbox 1981 2801 2016 2860; x_wconf 76' lang='lat' dir='ltr'><strong>t</strong></span> <span class='ocrx_word' id='word_1_221' title='bbox 2060 2797 2325 2879; x_wconf 75' lang='lat' dir='ltr'><em>leyatur.</em></span> <span class='ocrx_word' id='word_1_222' title='bbox 2974 2820 3033 2860; x_wconf 72' lang='lat'><em>2⁶</em></span> 
     </span>
    </p>

    <p class='ocr_par' dir='ltr' id='par_1_4' title="bbox 694 2883 2934 3055">
     <span class='ocr_line' id='line_1_27' title="bbox 910 2883 2934 2986; baseline 0.001 -38"><span class='ocrx_word' id='word_1_223' title='bbox 910 2883 1180 2950; x_wconf 91' lang='lat' dir='ltr'><em>Librum</em></span> <span class='ocrx_word' id='word_1_224' title='bbox 1238 2884 1540 2949; x_wconf 81' lang='lat' dir='ltr'><em>eximium</em></span> <span class='ocrx_word' id='word_1_225' title='bbox 1592 2893 1624 2950; x_wconf 93' lang='lat'><em>1</em></span> <span class='ocrx_word' id='word_1_226' title='bbox 1675 2885 1922 2951; x_wconf 88' lang='lat' dir='ltr'><em>Paulus</em></span> <span class='ocrx_word' id='word_1_227' title='bbox 1965 2886 2041 2950; x_wconf 90' lang='lat' dir='ltr'><em>de</em></span> <span class='ocrx_word' id='word_1_228' title='bbox 2098 2885 2488 2986; x_wconf 76' lang='lat' dir='ltr'><em>Winterfeld</em></span> <span class='ocrx_word' id='word_1_229' title='bbox 2543 2884 2597 2949; x_wconf 93' lang='lat' dir='ltr'><em>b.</em></span> <span class='ocrx_word' id='word_1_230' title='bbox 2658 2906 2743 2949; x_wconf 87' lang='lat' dir='ltr'><em>m.</em></span> <span class='ocrx_word' id='word_1_231' title='bbox 2793 2907 2934 2951; x_wconf 93' lang='lat' dir='ltr'><em>con·</em></span> 
     </span>
     <span class='ocr_line' id='line_1_28' title="bbox 694 2971 2382 3055; baseline 0.001 -19"><span class='ocrx_word' id='word_1_232' title='bbox 694 2971 854 3053; x_wconf 92' lang='lat' dir='ltr'><em>tulit,</em></span> <span class='ocrx_word' id='word_1_233' title='bbox 902 2971 1178 3054; x_wconf 88' lang='lat' dir='ltr'><em>reliquos</em></span> <span class='ocrx_word' id='word_1_234' title='bbox 1220 2973 1356 3055; x_wconf 87' lang='lat' dir='ltr'><em>ipse</em></span> <span class='ocrx_word' id='word_1_235' title='bbox 1402 2979 1516 3038; x_wconf 87' lang='lat' dir='ltr'><em>aut</em></span> <span class='ocrx_word' id='word_1_236' title='bbox 1558 2973 1796 3039; x_wconf 89' lang='lat' dir='ltr'><em>contuli</em></span> <span class='ocrx_word' id='word_1_237' title='bbox 1840 2980 1954 3040; x_wconf 87' lang='lat' dir='ltr'><em>aut</em></span> <span class='ocrx_word' id='word_1_238' title='bbox 1995 2973 2382 3040; x_wconf 79' lang='lat' dir='ltr'><em>examinavi.</em></span> 
     </span>
    </p>

    <p class='ocr_par' dir='ltr' id='par_1_5' title="bbox 682 3061 3026 3590">
     <span class='ocr_line' id='line_1_29' title="bbox 909 3061 2935 3145; baseline 0.001 -20"><span class='ocrx_word' id='word_1_239' title='bbox 909 3061 1238 3126; x_wconf 88' lang='lat' dir='ltr'><em>Iohannes</em></span> <span class='ocrx_word' id='word_1_240' title='bbox 1290 3061 1346 3127; x_wconf 79' lang='lat' dir='ltr'><strong><em>G</em></strong></span> <span class='ocrx_word' id='word_1_241' title='bbox 1355 3082 1390 3125; x_wconf 92' lang='lat' dir='ltr'><em>o</em></span> <span class='ocrx_word' id='word_1_242' title='bbox 1405 3083 1437 3126; x_wconf 93' lang='lat' dir='ltr'><em>c</em></span> <span class='ocrx_word' id='word_1_243' title='bbox 1450 3063 1493 3126; x_wconf 88' lang='lat' dir='ltr'><em>h</em></span> <span class='ocrx_word' id='word_1_244' title='bbox 1508 3063 1531 3126; x_wconf 91' lang='lat' dir='ltr'><em>l</em></span> <span class='ocrx_word' id='word_1_245' title='bbox 1545 3085 1589 3128; x_wconf 92' lang='lat' dir='ltr'><em>a</em></span> <span class='ocrx_word' id='word_1_246' title='bbox 1603 3084 1692 3127; x_wconf 89' lang='lat' dir='ltr'><em>eu</em></span> <span class='ocrx_word' id='word_1_247' title='bbox 1707 3083 1770 3144; x_wconf 87' lang='lat' dir='ltr'><em>s,</em></span> <span class='ocrx_word' id='word_1_248' title='bbox 1834 3063 2166 3145; x_wconf 85' lang='lat' dir='ltr'><em>Speculum</em></span> <span class='ocrx_word' id='word_1_249' title='bbox 2224 3063 2528 3145; x_wconf 80' lang='lat' dir='ltr'><em>antiquae</em></span> <span class='ocrx_word' id='word_1_250' title='bbox 2585 3063 2935 3145; x_wconf 84' lang='lat' dir='ltr'><em>devotionis</em></span> 
     </span>
     <span class='ocr_line' id='line_1_30' title="bbox 695 3137 2936 3234; baseline 0.001 -19"><span class='ocrx_word' id='word_1_251' title='bbox 695 3149 869 3215; x_wconf 89' lang='lat' dir='ltr'><em>circa</em></span> <span class='ocrx_word' id='word_1_252' title='bbox 912 3149 1191 3231; x_wconf 86' lang='lat' dir='ltr'><em>missam,</em></span> <span class='ocrx_word' id='word_1_253' title='bbox 1241 3150 1624 3233; x_wconf 75' lang='lat' dir='ltr'><em>Moyuntiae</em></span> <span class='ocrx_word' id='word_1_254' title='bbox 1685 3157 1874 3233; x_wconf 83' lang='lat'><em>1549,</em></span> <span class='ocrx_word' id='word_1_255' title='bbox 1923 3173 1994 3234; x_wconf 93' lang='lat' dir='ltr'><em>p.</em></span> <span class='ocrx_word' id='word_1_256' title='bbox 2044 3158 2415 3234; x_wconf 82' lang='lat'><em>234—246,</em></span> <span class='ocrx_word' id='word_1_257' title='bbox 2463 3158 2720 3233; x_wconf 88' lang='lat' dir='ltr'><em>partem</em></span> <span class='ocrx_word' id='word_1_258' title='bbox 2777 3137 2936 3218; x_wconf 83' lang='lat' dir='ltr'><em>libri</em></span> 
     </span>
     <span class='ocr_line' id='line_1_31' title="bbox 682 3237 3026 3322; baseline 0.002 -20"><span class='ocrx_word' id='word_1_259' title='bbox 682 3237 950 3320; x_wconf 89' lang='lat' dir='ltr'><em>prioris,</em></span> <span class='ocrx_word' id='word_1_260' title='bbox 1011 3237 1147 3304; x_wconf 90' lang='lat' dir='ltr'><em>scil.</em></span> <span class='ocrx_word' id='word_1_261' title='bbox 1200 3261 1251 3304; x_wconf 89' lang='lat' dir='ltr'><em>c.</em></span> <span class='ocrx_word' id='word_1_262' title='bbox 1306 3246 1430 3302; x_wconf 89' lang='grc'><em>1-</em></span> <span class='ocrx_word' id='word_1_263' title='bbox 1445 3245 1551 3303; x_wconf 78' lang='lat'><em>20.</em></span> <span class='ocrx_word' id='word_1_264' title='bbox 1601 3245 1660 3304; x_wconf 87' lang='lat' dir='ltr'><em>et</em></span> <span class='ocrx_word' id='word_1_265' title='bbox 1705 3246 1892 3304; x_wconf 84' lang='lat'><em>42-—</em></span> <span class='ocrx_word' id='word_1_266' title='bbox 1907 3247 2012 3322; x_wconf 89' lang='lat'><em>44,</em></span> <span class='ocrx_word' id='word_1_267' title='bbox 2075 3243 2306 3322; x_wconf 78' lang='lat' dir='ltr'><em>absque</em></span> <span class='ocrx_word' id='word_1_268' title='bbox 2351 3240 2633 3308; x_wconf 88' lang='lat' dir='ltr'><em>auctoris</em></span> <span class='ocrx_word' id='word_1_269' title='bbox 2675 3241 2934 3307; x_wconf 87' lang='lat' dir='ltr'><em>nomine</em></span> <span class='ocrx_word' id='word_1_270' title='bbox 2971 3265 3026 3305; x_wconf 61' lang='grc' dir='ltr'><em>ιο</em></span> 
     </span>
     <span class='ocr_line' id='line_1_32' title="bbox 688 3327 2934 3411; baseline 0.003 -21"><span class='ocrx_word' id='word_1_271' title='bbox 688 3327 933 3411; x_wconf 86' lang='lat' dir='ltr'><em>publici</em></span> <span class='ocrx_word' id='word_1_272' title='bbox 977 3327 1143 3392; x_wconf 87' lang='lat' dir='ltr'><em>iuris</em></span> <span class='ocrx_word' id='word_1_273' title='bbox 1186 3328 1355 3410; x_wconf 91' lang='lat' dir='ltr'><em>fecit,</em></span> <span class='ocrx_word' id='word_1_274' title='bbox 1417 3328 1599 3393; x_wconf 89' lang='lat' dir='ltr'><em>cuius</em></span> <span class='ocrx_word' id='word_1_275' title='bbox 1651 3349 1805 3410; x_wconf 86' lang='lat' dir='ltr'><em>opus</em></span> <span class='ocrx_word' id='word_1_276' title='bbox 1852 3328 2018 3395; x_wconf 83' lang='lat' dir='ltr'><em>‘ante</em></span> <span class='ocrx_word' id='word_1_277' title='bbox 2067 3330 2292 3395; x_wconf 91' lang='lat' dir='ltr'><em>XXX</em></span> <span class='ocrx_word' id='word_1_278' title='bbox 2334 3351 2542 3395; x_wconf 90' lang='lat' dir='ltr'><em>annos</em></span> <span class='ocrx_word' id='word_1_279' title='bbox 2599 3351 2678 3396; x_wconf 73' lang='lat' dir='ltr'><em>ea:</em></span> <span class='ocrx_word' id='word_1_280' title='bbox 2722 3329 2934 3396; x_wconf 89' lang='lat' dir='ltr'><em>Italia</em></span> 
     </span>
     <span class='ocr_line' id='line_1_33' title="bbox 692 3417 2934 3501; baseline 0.001 -20"><span class='ocrx_word' id='word_1_281' title='bbox 692 3437 981 3482; x_wconf 85' lang='lat' dir='ltr'><em>reversus</em></span> <span class='ocrx_word' id='word_1_282' title='bbox 1026 3417 1484 3500; x_wconf 75' lang='lat' dir='ltr'><em>Nurenberyae</em></span> <span class='ocrx_word' id='word_1_283' title='bbox 1502 3419 1527 3457; x_wconf 80' lang='lat'>2</span> <span class='ocrx_word' id='word_1_284' title='bbox 1585 3439 1664 3482; x_wconf 66' lang='grc' dir='ltr'><em>θα)</em></span> <span class='ocrx_word' id='word_1_285' title='bbox 1718 3424 1951 3483; x_wconf 90' lang='lat' dir='ltr'><em>vetusto</em></span> <span class='ocrx_word' id='word_1_286' title='bbox 2007 3421 2277 3501; x_wconf 90' lang='lat' dir='ltr'><em>quodam</em></span> <span class='ocrx_word' id='word_1_287' title='bbox 2337 3419 2542 3484; x_wconf 90' lang='lat' dir='ltr'><em>codice</em></span> <span class='ocrx_word' id='word_1_288' title='bbox 2599 3418 2934 3485; x_wconf 88' lang='lat' dir='ltr'><em>cuiusdam</em></span> 
     </span>
     <span class='ocr_line' id='line_1_34' title="bbox 687 3502 2934 3590; baseline 0.003 -22"><span class='ocrx_word' id='word_1_289' title='bbox 687 3504 787 3570; x_wconf 89' lang='lat' dir='ltr'><em>ibi</em></span> <span class='ocrx_word' id='word_1_290' title='bbox 830 3505 1228 3572; x_wconf 88' lang='lat' dir='ltr'><em>monasterii&#39;</em></span> <span class='ocrx_word' id='word_1_291' title='bbox 1279 3502 1507 3589; x_wconf 84' lang='lat' dir='ltr'><em>(supra</em></span> <span class='ocrx_word' id='word_1_292' title='bbox 1552 3504 1661 3590; x_wconf 87' lang='lat' dir='ltr'><em>3b)</em></span> <span class='ocrx_word' id='word_1_293' title='bbox 1709 3506 2184 3572; x_wconf 77' lang='lat' dir='ltr'><em>exscribendum</em></span> <span class='ocrx_word' id='word_1_294' title='bbox 2229 3514 2582 3573; x_wconf 86' lang='lat' dir='ltr'><em>curaverat.</em></span> <span class='ocrx_word' id='word_1_295' title='bbox 2675 3507 2934 3574; x_wconf 88' lang='lat' dir='ltr'><em>Deinde</em></span> 
     </span>
    </p>

    <p class='ocr_par' dir='ltr' id='par_1_6' title="bbox 691 3595 3024 4034">
     <span class='ocr_line' id='line_1_35' title="bbox 906 3595 2930 3679; baseline 0.001 -19"><span class='ocrx_word' id='word_1_296' title='bbox 906 3595 1303 3660; x_wconf 87' lang='lat' dir='ltr'><em>Laurentius</em></span> <span class='ocrx_word' id='word_1_297' title='bbox 1328 3595 1604 3661; x_wconf 83' lang='lat' dir='ltr'><em>Surius</em></span> <span class='ocrx_word' id='word_1_298' title='bbox 1613 3646 1632 3677; x_wconf 98' lang='lat'><em>,</em></span> <span class='ocrx_word' id='word_1_299' title='bbox 1657 3595 1762 3661; x_wconf 90' lang='lat' dir='ltr'><em>De</em></span> <span class='ocrx_word' id='word_1_300' title='bbox 1771 3596 2064 3677; x_wconf 90' lang='lat' dir='ltr'><em>probatis</em></span> <span class='ocrx_word' id='word_1_301' title='bbox 2084 3602 2447 3662; x_wconf 89' lang='lat' dir='ltr'><em>sanctorum</em></span> <span class='ocrx_word' id='word_1_302' title='bbox 2470 3596 2762 3662; x_wconf 89' lang='lat' dir='ltr'><em>historiis</em></span> <span class='ocrx_word' id='word_1_303' title='bbox 2775 3597 2930 3679; x_wconf 91' lang='lat' dir='ltr'><em>III,</em></span> 
     </span>
     <span class='ocr_line' id='line_1_36' title="bbox 703 3681 3024 3769; baseline 0.001 -22"><span class='ocrx_word' id='word_1_304' title='bbox 703 3681 1004 3748; x_wconf 81' lang='lat' dir='ltr'><em>Coloniae</em></span> <span class='ocrx_word' id='word_1_305' title='bbox 1048 3684 1461 3769; x_wconf 75' lang='lat' dir='ltr'><em>Ayrippinae</em></span> <span class='ocrx_word' id='word_1_306' title='bbox 1512 3690 1701 3766; x_wconf 85' lang='lat'><em>1572,</em></span> <span class='ocrx_word' id='word_1_307' title='bbox 1741 3707 1809 3766; x_wconf 90' lang='lat' dir='ltr'><em>p.</em></span> <span class='ocrx_word' id='word_1_308' title='bbox 1844 3690 2215 3767; x_wconf 86' lang='lat'><em>467—509,</em></span> <span class='ocrx_word' id='word_1_309' title='bbox 2262 3685 2570 3751; x_wconf 77' lang='lat' dir='ltr'><em>adhibitis</em></span> <span class='ocrx_word' id='word_1_310' title='bbox 2613 3684 2934 3752; x_wconf 86' lang='lat' dir='ltr'><em>codicibus</em></span> <span class='ocrx_word' id='word_1_311' title='bbox 2970 3708 3024 3750; x_wconf 68' lang='grc' dir='ltr'>ω</span> 
     </span>
     <span class='ocr_line' id='line_1_37' title="bbox 692 3769 2934 3854; baseline 0.002 -19"><span class='ocrx_word' id='word_1_312' title='bbox 692 3773 813 3836; x_wconf 70' lang='lat' dir='ltr'><em>2a2</em></span> <span class='ocrx_word' id='word_1_313' title='bbox 841 3777 899 3836; x_wconf 89' lang='lat' dir='ltr'><em>et</em></span> <span class='ocrx_word' id='word_1_314' title='bbox 935 3769 1099 3836; x_wconf 76' lang='lat' dir='ltr'><em>2a1**</em></span> <span class='ocrx_word' id='word_1_315' title='bbox 1136 3772 1465 3853; x_wconf 90' lang='lat' dir='ltr'><em>similibus,</em></span> <span class='ocrx_word' id='word_1_316' title='bbox 1507 3773 1721 3838; x_wconf 88' lang='lat' dir='ltr'><em>Vitam</em></span> <span class='ocrx_word' id='word_1_317' title='bbox 1750 3772 2086 3854; x_wconf 81' lang='lat' dir='ltr'><em>Bonifatii</em></span> <span class='ocrx_word' id='word_1_318' title='bbox 2131 3773 2346 3852; x_wconf 89' lang='lat' dir='ltr'><em>edidit,</em></span> <span class='ocrx_word' id='word_1_319' title='bbox 2394 3795 2620 3840; x_wconf 86' lang='lat' dir='ltr'><em>nomen</em></span> <span class='ocrx_word' id='word_1_320' title='bbox 2652 3775 2934 3840; x_wconf 83' lang='lat' dir='ltr'><em>auctoris</em></span> 
     </span>
     <span class='ocr_line' id='line_1_38' title="bbox 694 3859 2934 3947; baseline 0.002 -24"><span class='ocrx_word' id='word_1_321' title='bbox 694 3865 753 3923; x_wconf 91' lang='lat' dir='ltr'><em>et</em></span> <span class='ocrx_word' id='word_1_322' title='bbox 794 3859 928 3942; x_wconf 90' lang='lat' dir='ltr'><em>ipse</em></span> <span class='ocrx_word' id='word_1_323' title='bbox 971 3859 1301 3942; x_wconf 74' lang='lat' dir='ltr'><em>iqnorans,</em></span> <span class='ocrx_word' id='word_1_324' title='bbox 1349 3864 1461 3927; x_wconf 89' lang='lat' dir='ltr'><em>sed</em></span> <span class='ocrx_word' id='word_1_325' title='bbox 1503 3883 1644 3926; x_wconf 90' lang='lat' dir='ltr'><em>eam</em></span> <span class='ocrx_word' id='word_1_326' title='bbox 1689 3862 1886 3927; x_wconf 89' lang='lat' dir='ltr'><em>voluit</em></span> <span class='ocrx_word' id='word_1_327' title='bbox 1945 3861 2099 3944; x_wconf 87' lang='lat' dir='ltr'><em>‘post</em></span> <span class='ocrx_word' id='word_1_328' title='bbox 2150 3863 2590 3929; x_wconf 89' lang='lat' dir='ltr'><em>Willibaldum</em></span> <span class='ocrx_word' id='word_1_329' title='bbox 2638 3863 2934 3947; x_wconf 88' lang='lat' dir='ltr'><em>primum</em></span> 
     </span>
     <span class='ocr_line' id='line_1_39' title="bbox 691 3947 2934 4034; baseline 0.002 -21"><span class='ocrx_word' id='word_1_330' title='bbox 691 3947 1107 4014; x_wconf 87' lang='lat' dir='ltr'><em>Eistetensem</em></span> <span class='ocrx_word' id='word_1_331' title='bbox 1152 3949 1504 4032; x_wconf 86' lang='lat' dir='ltr'><em>episcopum</em></span> <span class='ocrx_word' id='word_1_332' title='bbox 1556 3950 1798 4032; x_wconf 86' lang='lat' dir='ltr'><em>copiose</em></span> <span class='ocrx_word' id='word_1_333' title='bbox 1857 3951 2276 4034; x_wconf 87' lang='lat' dir='ltr'><em>conscriptam</em></span> <span class='ocrx_word' id='word_1_334' title='bbox 2333 3951 2521 4034; x_wconf 87' lang='lat' dir='ltr'><em>idque</em></span> <span class='ocrx_word' id='word_1_335' title='bbox 2579 3953 2746 4018; x_wconf 92' lang='lat' dir='ltr'><em>bona</em></span> <span class='ocrx_word' id='word_1_336' title='bbox 2803 3954 2934 4032; x_wconf 80' lang='lat' dir='ltr'><em>fide</em></span> 
     </span>
    </p>
   </div>
   <div class='ocr_carea' id='block_1_3' title="bbox 687 4175 3020 4533">
    <p class='ocr_par' dir='ltr' id='par_1_7' title="bbox 687 4175 3020 4533">
     <span class='ocr_line' id='line_1_40' title="bbox 695 4175 2932 4248; baseline -0.001 -15"><span class='ocrx_word' id='word_1_337' title='bbox 695 4180 748 4246; x_wconf 91' lang='lat'><em>1)</em></span> <span class='ocrx_word' id='word_1_338' title='bbox 791 4178 857 4233; x_wconf 87' lang='lat' dir='ltr'><em>E.</em></span> <span class='ocrx_word' id='word_1_339' title='bbox 880 4194 969 4246; x_wconf 68' lang='lat' dir='ltr'><em>qr.</em></span> <span class='ocrx_word' id='word_1_340' title='bbox 1009 4175 1407 4230; x_wconf 82' lang='lat' dir='ltr'><em>accamationes</em></span> <span class='ocrx_word' id='word_1_341' title='bbox 1449 4179 1583 4247; x_wconf 83' lang='lat' dir='ltr'><em>(pro</em></span> <span class='ocrx_word' id='word_1_342' title='bbox 1607 4177 1876 4245; x_wconf 38' lang='lat' dir='ltr'><em>acclamq)</em></span> <span class='ocrx_word' id='word_1_343' title='bbox 1917 4178 2174 4232; x_wconf 79' lang='lat' dir='ltr'><em>actoritas</em></span> <span class='ocrx_word' id='word_1_344' title='bbox 2214 4182 2347 4261; x_wconf 80' lang='lat' dir='ltr'><em>(pro</em></span> <span class='ocrx_word' id='word_1_345' title='bbox 2371 4181 2623 4247; x_wconf 83' lang='lat' dir='ltr'><em>auctor),</em></span> <span class='ocrx_word' id='word_1_346' title='bbox 2659 4178 2932 4232; x_wconf 78' lang='lat' dir='ltr'><em>batizatus</em></span> 
     </span>
     <span class='ocr_line' id='line_1_41' title="bbox 694 4247 3020 4318; baseline -0.001 -16"><span class='ocrx_word' id='word_1_347' title='bbox 694 4250 799 4316; x_wconf 83' lang='lat' dir='ltr'><em>(pr</em></span> <span class='ocrx_word' id='word_1_348' title='bbox 800 4265 831 4302; x_wconf 90' lang='grc' dir='ltr'><strong><em>ο</em></strong></span> <span class='ocrx_word' id='word_1_349' title='bbox 884 4248 1137 4317; x_wconf 38' lang='grc' dir='ltr'><em>δαρίςὶεη)</em></span> <span class='ocrx_word' id='word_1_350' title='bbox 1194 4247 1431 4302; x_wconf 83' lang='lat' dir='ltr'><em>beatudo</em></span> <span class='ocrx_word' id='word_1_351' title='bbox 1474 4251 1606 4315; x_wconf 88' lang='lat' dir='ltr'><em>(pro</em></span> <span class='ocrx_word' id='word_1_352' title='bbox 1660 4248 1996 4318; x_wconf 82' lang='lat' dir='ltr'><em>beatitudo),</em></span> <span class='ocrx_word' id='word_1_353' title='bbox 2059 4249 2334 4304; x_wconf 76' lang='lat' dir='ltr'><em>contarius</em></span> <span class='ocrx_word' id='word_1_354' title='bbox 2393 4251 2523 4318; x_wconf 85' lang='lat' dir='ltr'><em>(pro</em></span> <span class='ocrx_word' id='word_1_355' title='bbox 2579 4250 2932 4318; x_wconf 80' lang='lat' dir='ltr'><em>contrarius),</em></span> <span class='ocrx_word' id='word_1_356' title='bbox 2966 4261 3020 4300; x_wconf 70' lang='grc' dir='ltr'><em>ιο</em></span> 
     </span>
     <span class='ocr_line' id='line_1_42' title="bbox 690 4318 2932 4390; baseline 0.001 -18"><span class='ocrx_word' id='word_1_357' title='bbox 690 4319 1165 4388; x_wconf 75' lang='lat' dir='ltr'><em>presbiteraratus‚</em></span> <span class='ocrx_word' id='word_1_358' title='bbox 1201 4318 1695 4373; x_wconf 76' lang='lat' dir='ltr'><em>revertentissimus</em></span> <span class='ocrx_word' id='word_1_359' title='bbox 1728 4324 1860 4389; x_wconf 88' lang='lat' dir='ltr'><em>(pro</em></span> <span class='ocrx_word' id='word_1_360' title='bbox 1894 4321 2203 4390; x_wconf 80' lang='lat' dir='ltr'><em>reverent.)‚</em></span> <span class='ocrx_word' id='word_1_361' title='bbox 2254 4319 2467 4374; x_wconf 76' lang='lat' dir='ltr'><em>tradior</em></span> <span class='ocrx_word' id='word_1_362' title='bbox 2507 4324 2637 4390; x_wconf 81' lang='lat' dir='ltr'><em>(pro</em></span> <span class='ocrx_word' id='word_1_363' title='bbox 2673 4320 2932 4389; x_wconf 77' lang='lat' dir='ltr'><em>tardior),</em></span> 
     </span>
     <span class='ocr_line' id='line_1_43' title="bbox 687 4391 2930 4459; baseline 0.002 -18"><span class='ocrx_word' id='word_1_364' title='bbox 687 4397 784 4445; x_wconf 82' lang='lat' dir='ltr'><em>etc.</em></span> <span class='ocrx_word' id='word_1_365' title='bbox 914 4393 972 4459; x_wconf 86' lang='lat'><em>2)</em></span> <span class='ocrx_word' id='word_1_366' title='bbox 1012 4392 1117 4444; x_wconf 80' lang='lat' dir='ltr'><em>Ubi</em></span> <span class='ocrx_word' id='word_1_367' title='bbox 1149 4408 1199 4446; x_wconf 92' lang='lat' dir='ltr'><em>a.</em></span> <span class='ocrx_word' id='word_1_368' title='bbox 1229 4393 1383 4447; x_wconf 84' lang='lat'><em>1519.</em></span> <span class='ocrx_word' id='word_1_369' title='bbox 1420 4397 1779 4444; x_wconf 84' lang='lat' dir='ltr'><em>commoratus</em></span> <span class='ocrx_word' id='word_1_370' title='bbox 1813 4398 1926 4456; x_wconf 80' lang='lat' dir='ltr'><em>est‚·</em></span> <span class='ocrx_word' id='word_1_371' title='bbox 1959 4393 2032 4457; x_wconf 83' lang='lat' dir='ltr'><em>cf.</em></span> <span class='ocrx_word' id='word_1_372' title='bbox 2072 4393 2127 4447; x_wconf 79' lang='lat' dir='ltr'><em>C.</em></span> <span class='ocrx_word' id='word_1_373' title='bbox 2158 4391 2291 4459; x_wconf 76' lang='lat' dir='ltr'><em>Otto,</em></span> <span class='ocrx_word' id='word_1_374' title='bbox 2327 4393 2602 4446; x_wconf 78' lang='lat' dir='ltr'><em>Iohannes</em></span> <span class='ocrx_word' id='word_1_375' title='bbox 2625 4392 2930 4459; x_wconf 80' lang='lat' dir='ltr'><em>Cochlaeus,</em></span> 
     </span>
     <span class='ocr_line' id='line_1_44' title="bbox 692 4430 2400 4533; baseline 0.002 -17"><span class='ocrx_word' id='word_1_376' title='bbox 692 4464 852 4528; x_wconf 81' lang='grc'><strong>1874,</strong></span> <span class='ocrx_word' id='word_1_377' title='bbox 894 4479 956 4529; x_wconf 81' lang='lat' dir='ltr'><em>p.</em></span> <span class='ocrx_word' id='word_1_378' title='bbox 997 4465 1099 4519; x_wconf 88' lang='lat'><em>106</em></span> <span class='ocrx_word' id='word_1_379' title='bbox 1114 4479 1137 4525; x_wconf 92' lang='lat'><em>‚·</em></span> <span class='ocrx_word' id='word_1_380' title='bbox 1184 4463 1263 4518; x_wconf 83' lang='lat' dir='ltr'><em>M.</em></span> <span class='ocrx_word' id='word_1_381' title='bbox 1302 4463 1508 4530; x_wconf 86' lang='lat' dir='ltr'><em>Spahn,</em></span> <span class='ocrx_word' id='word_1_382' title='bbox 1548 4463 1848 4530; x_wconf 80' lang='lat' dir='ltr'><em>Cochlaeus,</em></span> <span class='ocrx_word' id='word_1_383' title='bbox 1899 4430 2057 4530; x_wconf 65' lang='grc'><strong>1898,</strong></span> <span class='ocrx_word' id='word_1_384' title='bbox 2102 4482 2157 4533; x_wconf 85' lang='lat' dir='ltr'><em>p.</em></span> <span class='ocrx_word' id='word_1_385' title='bbox 2195 4466 2268 4521; x_wconf 82' lang='grc'><em>45</em></span> <span class='ocrx_word' id='word_1_386' title='bbox 2289 4480 2400 4532; x_wconf 80' lang='lat' dir='ltr'><em>sqq.</em></span> 
     </span>
    </p>
   </div>
  </div>
 </body>
</html>
