<?xml version="1.0" encoding="UTF-8"?>
<!DOCTYPE html PUBLIC "-//W3C//DTD XHTML 1.0 Transitional//EN"
    "http://www.w3.org/TR/xhtml1/DTD/xhtml1-transitional.dtd">
<html xmlns="http://www.w3.org/1999/xhtml" xml:lang="en" lang="en">
 <head>
  <title>
</title>
<meta http-equiv="Content-Type" content="text/html;charset=utf-8" />
  <meta name='ocr-system' content='tesseract 3.04.00' />
  <meta name='ocr-capabilities' content='ocr_page ocr_carea ocr_par ocr_line ocrx_word'/>
</head>
<body>
  <div class='ocr_page' id='page_1' title='image "./vitaesanctiboni00mogugoog_0225.png"; bbox 0 0 3167 5192; ppageno 0'>
   <div class='ocr_carea' id='block_1_1' title="bbox 764 493 2767 553">
    <p class='ocr_par' dir='ltr' id='par_1_1' title="bbox 764 493 2767 553">
     <span class='ocr_line' id='line_1_1' title="bbox 764 493 2767 553; baseline 0 0"><span class='ocrx_word' id='word_1_1' title='bbox 764 500 868 553; x_wconf 87' lang='lat'><strong><em>130</em></strong></span> <span class='ocrx_word' id='word_1_2' title='bbox 993 496 1239 551; x_wconf 84' lang='lat' dir='ltr'><strong>VITAE</strong></span> <span class='ocrx_word' id='word_1_3' title='bbox 1272 496 1680 551; x_wconf 80' lang='lat' dir='ltr'><strong>BONIFATII</strong></span> <span class='ocrx_word' id='word_1_4' title='bbox 1713 494 2074 551; x_wconf 81' lang='lat' dir='ltr'><strong>AUCTORE</strong></span> <span class='ocrx_word' id='word_1_5' title='bbox 2113 493 2422 550; x_wconf 83' lang='lat' dir='ltr'><strong><em>OTLOHO</em></strong></span> <span class='ocrx_word' id='word_1_6' title='bbox 2461 495 2696 551; x_wconf 82' lang='lat' dir='ltr'>LIBER</span> <span class='ocrx_word' id='word_1_7' title='bbox 2719 496 2767 553; x_wconf 92' lang='lat' dir='ltr'><strong><em>I.</em></strong></span> 
     </span>
    </p>
   </div>
   <div class='ocr_carea' id='block_1_2' title="bbox 514 677 3057 1473">
    <p class='ocr_par' dir='ltr' id='par_1_2' title="bbox 518 677 3057 1295">
     <span class='ocr_line' id='line_1_2' title="bbox 518 677 3005 763; baseline 0.002 -22"><span class='ocrx_word' id='word_1_8' title='bbox 518 703 657 751; x_wconf 71' lang='lat' dir='ltr'><strong><em>Epist.</em></strong></span> <span class='ocrx_word' id='word_1_9' title='bbox 674 704 741 743; x_wconf 76' lang='lat'><strong><em>20.</em></strong></span> <span class='ocrx_word' id='word_1_10' title='bbox 749 678 991 762; x_wconf 85' lang='lat' dir='ltr'><strong><em>peditis</em></strong></span> <span class='ocrx_word' id='word_1_11' title='bbox 1004 730 1023 760; x_wconf 93' lang='lat'><strong><em>,</em></strong></span> <span class='ocrx_word' id='word_1_12' title='bbox 1092 678 1447 744; x_wconf 63' lang='lat' dir='ltr'><strong><em>necessario</em></strong></span> <span class='ocrx_word' id='word_1_13' title='bbox 1513 677 1857 744; x_wconf 82' lang='lat' dir='ltr'><strong><em>destinare.</em></strong></span> <span class='ocrx_word' id='word_1_14' title='bbox 1971 678 2104 743; x_wconf 83' lang='lat' dir='ltr'><strong><em>Pro</em></strong></span> <span class='ocrx_word' id='word_1_15' title='bbox 2171 677 2400 760; x_wconf 79' lang='lat' dir='ltr'><strong><em>quibus</em></strong></span> <span class='ocrx_word' id='word_1_16' title='bbox 2475 700 2614 745; x_wconf 88' lang='lat' dir='ltr'><strong><em>eum</em></strong></span> <span class='ocrx_word' id='word_1_17' title='bbox 2682 679 3005 763; x_wconf 72' lang='lat' dir='ltr'><strong><em>yloriosae</em></strong></span> 
     </span>
     <span class='ocr_line' id='line_1_3' title="bbox 762 766 2997 849; baseline 0.001 -17"><span class='ocrx_word' id='word_1_18' title='bbox 762 766 1213 833; x_wconf 83' lang='lat' dir='ltr'><strong><em>benivolentiae</em></strong></span> <span class='ocrx_word' id='word_1_19' title='bbox 1280 774 1423 833; x_wconf 87' lang='lat' dir='ltr'><strong><em>tuae</em></strong></span> <span class='ocrx_word' id='word_1_20' title='bbox 1498 766 1852 832; x_wconf 90' lang='lat' dir='ltr'><strong><em>omnimodo</em></strong></span> <span class='ocrx_word' id='word_1_21' title='bbox 1917 770 2454 849; x_wconf 87' lang='lat' dir='ltr'><strong><em>commendamus,</em></strong></span> <span class='ocrx_word' id='word_1_22' title='bbox 2533 774 2606 833; x_wconf 91' lang='lat' dir='ltr'><strong><em>ut</em></strong></span> <span class='ocrx_word' id='word_1_23' title='bbox 2667 788 2812 833; x_wconf 85' lang='lat' dir='ltr'><strong><em>ewm</em></strong></span> <span class='ocrx_word' id='word_1_24' title='bbox 2877 768 2997 834; x_wconf 77' lang='lat' dir='ltr'><strong><em>in⁸</em></strong></span> 
     </span>
     <span class='ocr_line' id='line_1_4' title="bbox 763 855 3002 939; baseline 0.001 -18"><span class='ocrx_word' id='word_1_25' title='bbox 763 855 1055 922; x_wconf 87' lang='lat' dir='ltr'><strong><em>omnibus</em></strong></span> <span class='ocrx_word' id='word_1_26' title='bbox 1110 856 1585 922; x_wconf 85' lang='lat' dir='ltr'><strong><em>necessitatibus</em></strong></span> <span class='ocrx_word' id='word_1_27' title='bbox 1643 855 1957 921; x_wconf 83' lang='lat' dir='ltr'><strong><em>adiuvetis</em></strong></span> <span class='ocrx_word' id='word_1_28' title='bbox 2013 862 2074 921; x_wconf 89' lang='lat' dir='ltr'><strong><em>et</em></strong></span> <span class='ocrx_word' id='word_1_29' title='bbox 2128 862 2351 922; x_wconf 86' lang='lat' dir='ltr'><strong><em>contra</em></strong></span> <span class='ocrx_word' id='word_1_30' title='bbox 2417 856 2719 939; x_wconf 77' lang='lat' dir='ltr'><strong><em>quoslibet</em></strong></span> <span class='ocrx_word' id='word_1_31' title='bbox 2781 860 3002 923; x_wconf 84' lang='lat' dir='ltr'><strong><em>adver-</em></strong></span> 
     </span>
     <span class='ocr_line' id='line_1_5' title="bbox 762 940 3000 1028; baseline 0.001 -18"><span class='ocrx_word' id='word_1_32' title='bbox 762 944 989 1027; x_wconf 87' lang='lat' dir='ltr'><strong><em>sarios,</em></strong></span> <span class='ocrx_word' id='word_1_33' title='bbox 1050 944 1279 1027; x_wconf 77' lang='lat' dir='ltr'><strong><em>quibus</em></strong></span> <span class='ocrx_word' id='word_1_34' title='bbox 1335 944 1411 1011; x_wconf 93' lang='lat' dir='ltr'><strong><em>in</em></strong></span> <span class='ocrx_word' id='word_1_35' title='bbox 1470 944 1751 1010; x_wconf 88' lang='lat' dir='ltr'><strong><em>Domino</em></strong></span> <span class='ocrx_word' id='word_1_36' title='bbox 1798 944 2166 1028; x_wconf 83' lang='lat' dir='ltr'><strong><em>prevaletis,</em></strong></span> <span class='ocrx_word' id='word_1_37' title='bbox 2229 940 2731 1011; x_wconf 71' lang='lat' dir='ltr'><strong><em>instantissimeb</em></strong></span> <span class='ocrx_word' id='word_1_38' title='bbox 2789 947 3000 1026; x_wconf 80' lang='lat' dir='ltr'><strong><em>defen-</em></strong></span> 
     </span>
     <span class='ocr_line' id='line_1_6' title="bbox 762 1032 3057 1117; baseline 0.001 -18"><span class='ocrx_word' id='word_1_39' title='bbox 762 1033 952 1116; x_wconf 88' lang='lat' dir='ltr'><strong><em>datis,</em></strong></span> <span class='ocrx_word' id='word_1_40' title='bbox 1014 1033 1359 1100; x_wconf 88' lang='lat' dir='ltr'><strong><em>certissime</em></strong></span> <span class='ocrx_word' id='word_1_41' title='bbox 1414 1032 1778 1115; x_wconf 87' lang='lat' dir='ltr'><strong><em>retinentes,</em></strong></span> <span class='ocrx_word' id='word_1_42' title='bbox 1839 1032 1981 1099; x_wconf 89' lang='lat' dir='ltr'><strong><em>Deo</em></strong></span> <span class='ocrx_word' id='word_1_43' title='bbox 2036 1055 2148 1098; x_wconf 83' lang='lat' dir='ltr'><strong><em>vos</em></strong></span> <span class='ocrx_word' id='word_1_44' title='bbox 2203 1033 2519 1116; x_wconf 71' lang='lat' dir='ltr'><strong><em>exhibere,</em></strong></span> <span class='ocrx_word' id='word_1_45' title='bbox 2580 1055 3000 1117; x_wconf 77' lang='lat' dir='ltr'><strong><em>quaecumque</em></strong></span> <span class='ocrx_word' id='word_1_46' title='bbox 3031 1062 3057 1101; x_wconf 77' lang='lat'>⁵</span> 
     </span>
     <span class='ocr_line' id='line_1_7' title="bbox 762 1122 2999 1222; baseline 0.001 -36"><span class='ocrx_word' id='word_1_47' title='bbox 762 1122 911 1189; x_wconf 87' lang='lat' dir='ltr'><strong><em>huic</em></strong></span> <span class='ocrx_word' id='word_1_48' title='bbox 941 1122 1418 1207; x_wconf 80' lang='lat' dir='ltr'><strong><em>promptissimo</em></strong></span> <span class='ocrx_word' id='word_1_49' title='bbox 1462 1122 1903 1222; x_wconf 84' lang='lat' dir='ltr'><strong><em>impenderitis</em></strong></span> <span class='ocrx_word' id='word_1_50' title='bbox 1944 1123 2184 1205; x_wconf 80' lang='lat' dir='ltr'><strong><em>favore,</em></strong></span> <span class='ocrx_word' id='word_1_51' title='bbox 2232 1122 2361 1205; x_wconf 76' lang='lat' dir='ltr'><strong><em>qui,</em></strong></span> <span class='ocrx_word' id='word_1_52' title='bbox 2415 1124 2658 1189; x_wconf 86' lang='lat' dir='ltr'><strong><em>sanctis</em></strong></span> <span class='ocrx_word' id='word_1_53' title='bbox 2701 1125 2999 1207; x_wconf 77' lang='lat' dir='ltr'><strong><em>apostolis</em></strong></span> 
     </span>
     <span class='ocr_line' id='line_1_8' title="bbox 762 1210 2998 1295; baseline 0.001 -20"><span class='ocrx_word' id='word_1_54' title='bbox 762 1212 901 1277; x_wconf 88' lang='lat' dir='ltr'><strong><em>suis</em></strong></span> <span class='ocrx_word' id='word_1_55' title='bbox 964 1214 1057 1277; x_wconf 91' lang='lat' dir='ltr'><strong><em>ad</em></strong></span> <span class='ocrx_word' id='word_1_56' title='bbox 1128 1213 1325 1278; x_wconf 91' lang='lat' dir='ltr'><strong><em>lucem</em></strong></span> <span class='ocrx_word' id='word_1_57' title='bbox 1394 1212 1680 1293; x_wconf 74' lang='lat' dir='ltr'><strong><em>yentium</em></strong></span> <span class='ocrx_word' id='word_1_58' title='bbox 1753 1210 2118 1292; x_wconf 86' lang='lat' dir='ltr'><strong><em>destinatis,</em></strong></span> <span class='ocrx_word' id='word_1_59' title='bbox 2195 1212 2684 1295; x_wconf 75' lang='lat' dir='ltr'><strong><em>suscipientibus</em></strong></span> <span class='ocrx_word' id='word_1_60' title='bbox 2757 1234 2864 1278; x_wconf 89' lang='lat' dir='ltr'><strong><em>eos</em></strong></span> <span class='ocrx_word' id='word_1_61' title='bbox 2938 1235 2998 1279; x_wconf 83' lang='lat' dir='ltr'><strong><em>se</em></strong></span> 
     </span>
    </p>

    <p class='ocr_par' dir='ltr' id='par_1_3' title="bbox 514 1262 2998 1473">
     <span class='ocr_line' id='line_1_9' title="bbox 514 1262 2998 1393; baseline 0.001 -29"><span class='ocrx_word' id='word_1_62' title='bbox 514 1290 741 1393; x_wconf 53' lang='grc' dir='ltr'>σξοῗᾞῆ·</span> <span class='ocrx_word' id='word_1_63' title='bbox 763 1300 1232 1383; x_wconf 82' lang='lat' dir='ltr'><strong><em>suscipiendum</em></strong></span> <span class='ocrx_word' id='word_1_64' title='bbox 1265 1300 1575 1383; x_wconf 74' lang='lat' dir='ltr'><strong><em>predioeit.</em></strong></span> <span class='ocrx_word' id='word_1_65' title='bbox 1677 1300 1958 1382; x_wconf 75' lang='lat' dir='ltr'><strong><em>Quorum</em></strong></span> <span class='ocrx_word' id='word_1_66' title='bbox 2000 1262 2504 1367; x_wconf 75' lang='lat' dir='ltr'><strong><em>institutionibus</em></strong></span> <span class='ocrx_word' id='word_1_67' title='bbox 2550 1322 2674 1383; x_wconf 90' lang='lat' dir='ltr'><strong><em>per</em></strong></span> <span class='ocrx_word' id='word_1_68' title='bbox 2730 1323 2851 1367; x_wconf 91' lang='lat' dir='ltr'><strong><em>nos</em></strong></span> <span class='ocrx_word' id='word_1_69' title='bbox 2909 1302 2998 1367; x_wconf 87' lang='lat' dir='ltr'><strong><em>in-</em></strong></span> 
     </span>
     <span class='ocr_line' id='line_1_10' title="bbox 762 1388 2996 1473; baseline 0 -18"><span class='ocrx_word' id='word_1_70' title='bbox 762 1389 1079 1469; x_wconf 83' lang='lat' dir='ltr'><strong><em>formatus</em></strong></span> <span class='ocrx_word' id='word_1_71' title='bbox 1111 1389 1468 1472; x_wconf 88' lang='lat' dir='ltr'><strong><em>premissus</em></strong></span> <span class='ocrx_word' id='word_1_72' title='bbox 1513 1388 1778 1455; x_wconf 88' lang='lat' dir='ltr'><strong><em>antistes</em></strong></span> <span class='ocrx_word' id='word_1_73' title='bbox 1821 1388 1896 1454; x_wconf 93' lang='lat' dir='ltr'><strong><em>in</em></strong></span> <span class='ocrx_word' id='word_1_74' title='bbox 1939 1396 2102 1454; x_wconf 89' lang='lat' dir='ltr'><strong><em>sorte</em></strong></span> <span class='ocrx_word' id='word_1_75' title='bbox 2151 1388 2656 1471; x_wconf 80' lang='lat' dir='ltr'><strong><em>predicationisl</em></strong></span> <span class='ocrx_word' id='word_1_76' title='bbox 2687 1390 2996 1473; x_wconf 76' lang='lat' dir='ltr'><strong><em>procedit.</em></strong></span> 
     </span>
    </p>
   </div>
   <div class='ocr_carea' id='block_1_3' title="bbox 518 1587 3072 2097">
    <p class='ocr_par' dir='ltr' id='par_1_4' title="bbox 518 1587 3072 2097">
     <span class='ocr_line' id='line_1_11' title="bbox 518 1587 3072 1666; baseline -0 -15"><span class='ocrx_word' id='word_1_77' title='bbox 518 1613 657 1661; x_wconf 62' lang='grc' dir='ltr'><strong>ῑψῑει.</strong></span> <span class='ocrx_word' id='word_1_78' title='bbox 676 1588 913 1666; x_wconf 72' lang='lat' dir='ltr'><strong><em>17.(l7).</em></strong></span> <span class='ocrx_word' id='word_1_79' title='bbox 1012 1587 1553 1652; x_wconf 71' lang='lat' dir='ltr'><strong><em>GREGORIUS2</em></strong></span> <span class='ocrx_word' id='word_1_80' title='bbox 1596 1588 2084 1660; x_wconf 63' lang='lat' dir='ltr'><strong><em>EPISGOPU&amp;</em></strong></span> <span class='ocrx_word' id='word_1_81' title='bbox 2144 1588 2475 1650; x_wconf 84' lang='lat' dir='ltr'><strong><em>SERVUS</em></strong></span> <span class='ocrx_word' id='word_1_82' title='bbox 2529 1590 3006 1652; x_wconf 81' lang='lat' dir='ltr'><strong><em>SERVORUM</em></strong></span> <span class='ocrx_word' id='word_1_83' title='bbox 3029 1614 3072 1651; x_wconf 89' lang='lat'><strong><em>10</em></strong></span> 
     </span>
     <span class='ocr_line' id='line_1_12' title="bbox 761 1678 2996 1753; baseline 0 -13"><span class='ocrx_word' id='word_1_84' title='bbox 761 1680 942 1753; x_wconf 86' lang='lat' dir='ltr'><strong><em>DEI,</em></strong></span> <span class='ocrx_word' id='word_1_85' title='bbox 1010 1681 1168 1741; x_wconf 89' lang='lat' dir='ltr'><strong><em>UNI</em></strong></span> <span class='ocrx_word' id='word_1_86' title='bbox 1170 1679 1471 1740; x_wconf 84' lang='lat' dir='ltr'><strong><em>VERSIS</em></strong></span> <span class='ocrx_word' id='word_1_87' title='bbox 1518 1678 2320 1739; x_wconf 84' lang='lat' dir='ltr'><strong><em>REVE&#39;RE&#39;NTISSIMIS</em></strong></span> <span class='ocrx_word' id='word_1_88' title='bbox 2367 1680 2488 1738; x_wconf 88' lang='lat' dir='ltr'><strong><em>ET</em></strong></span> <span class='ocrx_word' id='word_1_89' title='bbox 2540 1678 2996 1741; x_wconf 79' lang='lat' dir='ltr'><strong><em>SANCTISSI·</em></strong></span> 
     </span>
     <span class='ocr_line' id='line_1_13' title="bbox 762 1766 2994 1840; baseline 0 -11"><span class='ocrx_word' id='word_1_90' title='bbox 762 1769 921 1829; x_wconf 88' lang='lat' dir='ltr'><strong><em>MIS</em></strong></span> <span class='ocrx_word' id='word_1_91' title='bbox 974 1768 1498 1840; x_wconf 85' lang='lat' dir='ltr'><strong><em>FRATRIBUS,</em></strong></span> <span class='ocrx_word' id='word_1_92' title='bbox 1564 1766 2142 1839; x_wconf 82' lang='lat' dir='ltr'><strong><em>OOE&#39;PISGOPIS</em></strong></span> <span class='ocrx_word' id='word_1_93' title='bbox 2201 1767 2705 1829; x_wconf 79' lang='lat' dir='ltr'><strong><em>RELIGIOSIS</em></strong></span> <span class='ocrx_word' id='word_1_94' title='bbox 2753 1770 2994 1829; x_wconf 87' lang='lat' dir='ltr'><strong><em>PRES-</em></strong></span> 
     </span>
     <span class='ocr_line' id='line_1_14' title="bbox 762 1856 2994 1933; baseline 0 -15"><span class='ocrx_word' id='word_1_95' title='bbox 762 1858 1125 1919; x_wconf 85' lang='lat' dir='ltr'><em>BITERIS</em></span> <span class='ocrx_word' id='word_1_96' title='bbox 1183 1857 1391 1918; x_wconf 78' lang='lat' dir='ltr'><strong><em>SEU⁰</em></strong></span> <span class='ocrx_word' id='word_1_97' title='bbox 1455 1856 2014 1929; x_wconf 87' lang='lat' dir='ltr'><strong><em>DIAC&#39;ONIBUS,</em></strong></span> <span class='ocrx_word' id='word_1_98' title='bbox 2083 1856 2544 1933; x_wconf 78' lang='lat' dir='ltr'><strong><em>GLORIOSIS</em></strong></span> <span class='ocrx_word' id='word_1_99' title='bbox 2600 1857 2994 1930; x_wconf 83' lang='lat' dir='ltr'><strong><em>DUO&#39;IBUS,</em></strong></span> 
     </span>
     <span class='ocr_line' id='line_1_15' title="bbox 762 1937 2998 2017; baseline 0 -10"><span class='ocrx_word' id='word_1_100' title='bbox 762 1946 1281 2008; x_wconf 76' lang='lat' dir='ltr'><strong><em>MAGNIFIO&#39;IS</em></strong></span> <span class='ocrx_word' id='word_1_101' title='bbox 1344 1945 1884 2017; x_wconf 79' lang='lat' dir='ltr'><strong><em>GASTALDIS,</em></strong></span> <span class='ocrx_word' id='word_1_102' title='bbox 1826 1937 1858 1979; x_wconf 75' lang='lat'><strong><em>‘¹</em></strong></span> <span class='ocrx_word' id='word_1_103' title='bbox 1959 1929 2433 2006; x_wconf 79' lang='lat' dir='ltr'><em>OOMITIBUS</em></span> <span class='ocrx_word' id='word_1_104' title='bbox 2494 1947 2783 2007; x_wconf 84' lang='lat' dir='ltr'><em>ETIAM</em></span> <span class='ocrx_word' id='word_1_105' title='bbox 2839 1948 2998 2007; x_wconf 87' lang='lat' dir='ltr'><strong><em>VEL</em></strong></span> 
     </span>
     <span class='ocr_line' id='line_1_16' title="bbox 953 2034 3068 2097; baseline -0.001 -1"><span class='ocrx_word' id='word_1_106' title='bbox 953 2035 1315 2097; x_wconf 81' lang='lat' dir='ltr'><strong><em>GUNOTIS</em></strong></span> <span class='ocrx_word' id='word_1_107' title='bbox 1360 2034 1919 2095; x_wconf 82' lang='lat' dir='ltr'><strong><em>GHRISTIANIS</em></strong></span> <span class='ocrx_word' id='word_1_108' title='bbox 1957 2035 2219 2095; x_wconf 84' lang='lat' dir='ltr'><em>DEUM</em></span> <span class='ocrx_word' id='word_1_109' title='bbox 2261 2035 3068 2097; x_wconf 71' lang='lat' dir='ltr'><strong><em>TIMENTIBUS1⁵</em></strong></span> 
     </span>
    </p>
   </div>
   <div class='ocr_carea' id='block_1_4' title="bbox 3128 1855 3138 2108">
    <p class='ocr_par' dir='ltr' id='par_1_5' title="bbox 3128 1855 3138 2108">
     <span class='ocr_line' id='line_1_17' title="bbox 3128 1855 3138 2108; baseline 0 0"><span class='ocrx_word' id='word_1_110' title='bbox 3128 1855 3138 2108; x_wconf 95' lang='lat' dir='ltr'><strong><em> </em></strong></span> 
     </span>
    </p>
   </div>
   <div class='ocr_carea' id='block_1_5' title="bbox 751 2248 3140 3644">
    <p class='ocr_par' dir='ltr' id='par_1_6' title="bbox 751 2248 3140 3644">
     <span class='ocr_line' id='line_1_18' title="bbox 762 2248 2996 2327; baseline 0 -18"><span class='ocrx_word' id='word_1_111' title='bbox 762 2251 902 2327; x_wconf 77' lang='lat' dir='ltr'><strong><em>quia</em></strong></span> <span class='ocrx_word' id='word_1_112' title='bbox 944 2250 1005 2309; x_wconf 90' lang='lat' dir='ltr'><strong><em>in</em></strong></span> <span class='ocrx_word' id='word_1_113' title='bbox 1018 2249 1046 2282; x_wconf 63' lang='grc' dir='ltr'>θ</span> <span class='ocrx_word' id='word_1_114' title='bbox 1100 2250 1307 2309; x_wconf 92' lang='lat' dir='ltr'><strong><em>umbra</em></strong></span> <span class='ocrx_word' id='word_1_115' title='bbox 1350 2250 1555 2308; x_wconf 85' lang='lat' dir='ltr'><strong><em>mortis</em></strong></span> <span class='ocrx_word' id='word_1_116' title='bbox 1600 2249 1828 2323; x_wconf 79' lang='lat' dir='ltr'><strong><em>aliquas</em></strong></span> <span class='ocrx_word' id='word_1_117' title='bbox 1869 2254 2058 2324; x_wconf 75' lang='lat' dir='ltr'><strong><em>yentes</em></strong></span> <span class='ocrx_word' id='word_1_118' title='bbox 2099 2250 2166 2309; x_wconf 92' lang='lat' dir='ltr'><strong><em>in</em></strong></span> <span class='ocrx_word' id='word_1_119' title='bbox 2214 2248 2560 2309; x_wconf 74' lang='lat' dir='ltr'><strong><em>Germaniae</em></strong></span> <span class='ocrx_word' id='word_1_120' title='bbox 2592 2251 2870 2323; x_wconf 88' lang='lat' dir='ltr'><strong><em>partibus</em></strong></span> <span class='ocrx_word' id='word_1_121' title='bbox 2911 2252 2996 2310; x_wconf 87' lang='lat' dir='ltr'><strong><em>vel</em></strong></span> 
     </span>
     <span class='ocr_line' id='line_1_19' title="bbox 751 2338 2992 2415; baseline 0 -16"><span class='ocrx_word' id='word_1_122' title='bbox 751 2342 936 2415; x_wconf 72' lang='lat' dir='ltr'><strong><em>playa</em></strong></span> <span class='ocrx_word' id='word_1_123' title='bbox 1002 2338 1273 2399; x_wconf 82' lang='lat' dir='ltr'><strong><em>orientali</em></strong></span> <span class='ocrx_word' id='word_1_124' title='bbox 1329 2338 1485 2397; x_wconf 85' lang='lat' dir='ltr'><strong><em>Reni</em></strong></span> <span class='ocrx_word' id='word_1_125' title='bbox 1550 2338 1830 2408; x_wconf 71' lang='lat' dir='ltr'><strong><em>fluminis,</em></strong></span> <span class='ocrx_word' id='word_1_126' title='bbox 1899 2338 2134 2412; x_wconf 77' lang='lat' dir='ltr'><strong><em>antiquo</em></strong></span> <span class='ocrx_word' id='word_1_127' title='bbox 2201 2339 2356 2397; x_wconf 85' lang='lat' dir='ltr'><strong><em>hoste</em></strong></span> <span class='ocrx_word' id='word_1_128' title='bbox 2419 2338 2704 2409; x_wconf 85' lang='lat' dir='ltr'><strong><em>suadente,</em></strong></span> <span class='ocrx_word' id='word_1_129' title='bbox 2775 2358 2992 2411; x_wconf 89' lang='lat' dir='ltr'><strong><em>errare,</em></strong></span> 
     </span>
     <span class='ocr_line' id='line_1_20' title="bbox 762 2427 2991 2505; baseline 0 -17"><span class='ocrx_word' id='word_1_130' title='bbox 762 2429 929 2505; x_wconf 77' lang='lat' dir='ltr'><strong><em>quasi</em></strong></span> <span class='ocrx_word' id='word_1_131' title='bbox 973 2429 1075 2487; x_wconf 91' lang='lat' dir='ltr'><strong><em>sub</em></strong></span> <span class='ocrx_word' id='word_1_132' title='bbox 1119 2427 1394 2503; x_wconf 73' lang='lat' dir='ltr'><strong><em>reliqione</em></strong></span> <span class='ocrx_word' id='word_1_133' title='bbox 1438 2427 1759 2486; x_wconf 89' lang='lat' dir='ltr'><strong><em>christiana</em></strong></span> <span class='ocrx_word' id='word_1_134' title='bbox 1802 2427 2088 2486; x_wconf 90' lang='lat' dir='ltr'><strong><em>idolorum</em></strong></span> <span class='ocrx_word' id='word_1_135' title='bbox 2133 2428 2390 2497; x_wconf 88' lang='lat' dir='ltr'><strong><em>culturae</em></strong></span> <span class='ocrx_word' id='word_1_136' title='bbox 2434 2446 2526 2487; x_wconf 87' lang='lat' dir='ltr'><strong><em>eos</em></strong></span> <span class='ocrx_word' id='word_1_137' title='bbox 2555 2429 2774 2487; x_wconf 84' lang='lat' dir='ltr'><strong><em>servire</em></strong></span> <span class='ocrx_word' id='word_1_138' title='bbox 2803 2447 2991 2504; x_wconf 73' lang='lat' dir='ltr'><strong><em>coquo-</em></strong></span> 
     </span>
     <span class='ocr_line' id='line_1_21' title="bbox 760 2515 3068 2591; baseline -0.001 -15"><span class='ocrx_word' id='word_1_139' title='bbox 760 2517 967 2587; x_wconf 81' lang='lat' dir='ltr'><strong><em>vimus,</em></strong></span> <span class='ocrx_word' id='word_1_140' title='bbox 1026 2517 1251 2591; x_wconf 80' lang='lat' dir='ltr'><strong><em>aliquos</em></strong></span> <span class='ocrx_word' id='word_1_141' title='bbox 1306 2535 1460 2587; x_wconf 86' lang='lat' dir='ltr'><strong><em>vero,</em></strong></span> <span class='ocrx_word' id='word_1_142' title='bbox 1524 2516 1625 2591; x_wconf 79' lang='lat' dir='ltr'><strong><em>qui</em></strong></span> <span class='ocrx_word' id='word_1_143' title='bbox 1683 2516 1918 2575; x_wconf 83' lang='lat' dir='ltr'><strong><em>necdum</em></strong></span> <span class='ocrx_word' id='word_1_144' title='bbox 1975 2516 2348 2591; x_wconf 75' lang='lat' dir='ltr'><strong><em>coynitionem</em></strong></span> <span class='ocrx_word' id='word_1_145' title='bbox 2404 2515 2523 2575; x_wconf 91' lang='lat' dir='ltr'><strong><em>Dei</em></strong></span> <span class='ocrx_word' id='word_1_146' title='bbox 2579 2518 2842 2577; x_wconf 77' lang='lat' dir='ltr'><strong><em>habentes</em></strong></span> <span class='ocrx_word' id='word_1_147' title='bbox 2899 2537 2992 2577; x_wconf 89' lang='lat' dir='ltr'><strong><em>nec</em></strong></span> <span class='ocrx_word' id='word_1_148' title='bbox 3023 2536 3068 2574; x_wconf 79' lang='lat'><strong><em>20</em></strong></span> 
     </span>
     <span class='ocr_line' id='line_1_22' title="bbox 763 2605 2988 2681; baseline -0 -15"><span class='ocrx_word' id='word_1_149' title='bbox 763 2606 1127 2681; x_wconf 89' lang='lat' dir='ltr'><strong><em>baptismatis</em></strong></span> <span class='ocrx_word' id='word_1_150' title='bbox 1170 2606 1327 2665; x_wconf 87' lang='lat' dir='ltr'><strong><em>sacri</em></strong></span> <span class='ocrx_word' id='word_1_151' title='bbox 1370 2605 1528 2664; x_wconf 87' lang='lat' dir='ltr'><strong><em>unda</em></strong></span> <span class='ocrx_word' id='word_1_152' title='bbox 1571 2610 1704 2663; x_wconf 89' lang='lat' dir='ltr'><strong><em>sunt</em></strong></span> <span class='ocrx_word' id='word_1_153' title='bbox 1749 2605 1872 2675; x_wconf 89' lang='lat' dir='ltr'><strong><em>loti,</em></strong></span> <span class='ocrx_word' id='word_1_154' title='bbox 1918 2605 2018 2663; x_wconf 86' lang='lat' dir='ltr'><strong><em>sed</em></strong></span> <span class='ocrx_word' id='word_1_155' title='bbox 2061 2606 2484 2678; x_wconf 85' lang='lat' dir='ltr'><strong><em>comparatione</em></strong></span> <span class='ocrx_word' id='word_1_156' title='bbox 2528 2606 2827 2665; x_wconf 88' lang='lat' dir='ltr'><strong><em>brutorum</em></strong></span> <span class='ocrx_word' id='word_1_157' title='bbox 2871 2608 2988 2665; x_wconf 89' lang='lat' dir='ltr'><strong><em>ani-</em></strong></span> 
     </span>
     <span class='ocr_line' id='line_1_23' title="bbox 760 2684 2988 2770; baseline 0 -16"><span class='ocrx_word' id='word_1_158' title='bbox 760 2696 1002 2754; x_wconf 90' lang='lat' dir='ltr'><strong><em>malium</em></strong></span> <span class='ocrx_word' id='word_1_159' title='bbox 1036 2695 1261 2770; x_wconf 75' lang='lat' dir='ltr'><strong><em>payani</em></strong></span> <span class='ocrx_word' id='word_1_160' title='bbox 1306 2696 1585 2765; x_wconf 83' lang='lat' dir='ltr'><strong><em>factorem</em></strong></span> <span class='ocrx_word' id='word_1_161' title='bbox 1633 2712 1744 2752; x_wconf 88' lang='lat' dir='ltr'><strong><em>non</em></strong></span> <span class='ocrx_word' id='word_1_162' title='bbox 1786 2698 2204 2769; x_wconf 72' lang='lat' dir='ltr'><strong><em>recoqnosount,</em></strong></span> <span class='ocrx_word' id='word_1_163' title='bbox 2263 2695 2579 2753; x_wconf 89' lang='lat' dir='ltr'><strong><em>necessario</em></strong></span> <span class='ocrx_word' id='word_1_164' title='bbox 2595 2684 2622 2725; x_wconf 81' lang='lat' dir='ltr'><strong>f</strong></span> <span class='ocrx_word' id='word_1_165' title='bbox 2663 2713 2782 2769; x_wconf 88' lang='lat' dir='ltr'><strong><em>pro</em></strong></span> <span class='ocrx_word' id='word_1_166' title='bbox 2839 2701 2988 2755; x_wconf 91' lang='lat' dir='ltr'><strong><em>utro·</em></strong></span> 
     </span>
     <span class='ocr_line' id='line_1_24' title="bbox 760 2782 2988 2858; baseline 0.001 -17"><span class='ocrx_word' id='word_1_167' title='bbox 760 2803 998 2858; x_wconf 79' lang='lat' dir='ltr'><strong><em>rumque</em></strong></span> <span class='ocrx_word' id='word_1_168' title='bbox 1040 2784 1477 2843; x_wconf 90' lang='lat' dir='ltr'><strong><em>inluminatione</em></strong></span> <span class='ocrx_word' id='word_1_169' title='bbox 1520 2783 1599 2842; x_wconf 89' lang='lat' dir='ltr'><strong><em>ad</em></strong></span> <span class='ocrx_word' id='word_1_170' title='bbox 1632 2782 2054 2857; x_wconf 87' lang='lat' dir='ltr'><strong><em>predicandum</em></strong></span> <span class='ocrx_word' id='word_1_171' title='bbox 2095 2788 2282 2842; x_wconf 80' lang='lat' dir='ltr'><strong><em>rectae</em></strong></span> <span class='ocrx_word' id='word_1_172' title='bbox 2325 2782 2461 2855; x_wconf 79' lang='lat' dir='ltr'><strong><em>fidei</em></strong></span> <span class='ocrx_word' id='word_1_173' title='bbox 2503 2784 2736 2843; x_wconf 87' lang='lat' dir='ltr'><strong><em>verbum</em></strong></span> <span class='ocrx_word' id='word_1_174' title='bbox 2786 2784 2988 2843; x_wconf 83' lang='lat' dir='ltr'><strong><em>harum</em></strong></span> 
     </span>
     <span class='ocr_line' id='line_1_25' title="bbox 762 2872 2986 2947; baseline 0 -16"><span class='ocrx_word' id='word_1_175' title='bbox 762 2874 1067 2931; x_wconf 89' lang='lat' dir='ltr'><strong><em>literarum</em></strong></span> <span class='ocrx_word' id='word_1_176' title='bbox 1090 2873 1437 2947; x_wconf 79' lang='lat' dir='ltr'><strong><em>portitorem</em></strong></span> <span class='ocrx_word' id='word_1_177' title='bbox 1464 2872 1861 2942; x_wconf 83' lang='lat' dir='ltr'><strong><em>Bonifatium,</em></strong></span> <span class='ocrx_word' id='word_1_178' title='bbox 1891 2872 2406 2931; x_wconf 85' lang='lat' dir='ltr'><strong><em>reverentissimum</em></strong></span> <span class='ocrx_word' id='word_1_179' title='bbox 2435 2874 2686 2943; x_wconf 82' lang='lat' dir='ltr'><strong><em>fratrem</em></strong></span> <span class='ocrx_word' id='word_1_180' title='bbox 2712 2878 2986 2944; x_wconf 87' lang='lat' dir='ltr'><strong><em>nostrum,</em></strong></span> 
     </span>
     <span class='ocr_line' id='line_1_26' title="bbox 762 2960 3063 3036; baseline -0 -16"><span class='ocrx_word' id='word_1_181' title='bbox 762 2962 1083 3035; x_wconf 85' lang='lat' dir='ltr'><strong><em>episcopum</em></strong></span> <span class='ocrx_word' id='word_1_182' title='bbox 1128 2980 1163 3020; x_wconf 90' lang='lat' dir='ltr'><strong><em>a</em></strong></span> <span class='ocrx_word' id='word_1_183' title='bbox 1177 2962 1216 3020; x_wconf 91' lang='lat' dir='ltr'><strong><em>d</em></strong></span> <span class='ocrx_word' id='word_1_184' title='bbox 1259 2961 1481 3019; x_wconf 85' lang='lat' dir='ltr'><strong><em>easdem</em></strong></span> <span class='ocrx_word' id='word_1_185' title='bbox 1512 2966 1720 3034; x_wconf 88' lang='lat' dir='ltr'><strong><em>partes</em></strong></span> <span class='ocrx_word' id='word_1_186' title='bbox 1763 2960 2014 3035; x_wconf 73' lang='lat' dir='ltr'><strong><em>diriyere</em></strong></span> <span class='ocrx_word' id='word_1_187' title='bbox 2056 2961 2397 3031; x_wconf 85' lang='lat' dir='ltr'><strong><em>studuimus,</em></strong></span> <span class='ocrx_word' id='word_1_188' title='bbox 2456 2966 2522 3019; x_wconf 92' lang='lat' dir='ltr'><strong><em>ut</em></strong></span> <span class='ocrx_word' id='word_1_189' title='bbox 2579 2967 2632 3021; x_wconf 93' lang='lat' dir='ltr'><strong><em>et</em></strong></span> <span class='ocrx_word' id='word_1_190' title='bbox 2686 2962 2812 3021; x_wconf 89' lang='lat' dir='ltr'><strong><em>illis</em></strong></span> <span class='ocrx_word' id='word_1_191' title='bbox 2859 2981 2986 3036; x_wconf 88' lang='lat' dir='ltr'><strong><em>pre-</em></strong></span> <span class='ocrx_word' id='word_1_192' title='bbox 3018 2980 3063 3019; x_wconf 76' lang='lat'><strong><em>25</em></strong></span> 
     </span>
     <span class='ocr_line' id='line_1_27' title="bbox 762 3050 2988 3126; baseline 0 -17"><span class='ocrx_word' id='word_1_193' title='bbox 762 3050 1006 3110; x_wconf 84' lang='lat' dir='ltr'><strong><em>dicando</em></strong></span> <span class='ocrx_word' id='word_1_194' title='bbox 1054 3050 1285 3109; x_wconf 86' lang='lat' dir='ltr'><strong><em>verbum</em></strong></span> <span class='ocrx_word' id='word_1_195' title='bbox 1330 3050 1538 3109; x_wconf 86' lang='lat' dir='ltr'><strong><em>salutis</em></strong></span> <span class='ocrx_word' id='word_1_196' title='bbox 1580 3050 1764 3109; x_wconf 84' lang='lat' dir='ltr'><strong><em>vitam</em></strong></span> <span class='ocrx_word' id='word_1_197' title='bbox 1795 3050 2108 3123; x_wconf 87' lang='lat' dir='ltr'><strong><em>provideat</em></strong></span> <span class='ocrx_word' id='word_1_198' title='bbox 2151 3051 2556 3123; x_wconf 87' lang='lat' dir='ltr'><strong><em>sempiternam</em></strong></span> <span class='ocrx_word' id='word_1_199' title='bbox 2611 3055 2684 3121; x_wconf 89' lang='lat' dir='ltr'><strong><em>et,</em></strong></span> <span class='ocrx_word' id='word_1_200' title='bbox 2741 3052 2798 3109; x_wconf 89' lang='lat' dir='ltr'><strong><em>si</em></strong></span> <span class='ocrx_word' id='word_1_201' title='bbox 2856 3069 2988 3126; x_wconf 82' lang='lat' dir='ltr'><strong><em>quos</em></strong></span> 
     </span>
     <span class='ocr_line' id='line_1_28' title="bbox 763 3130 2991 3215; baseline 0 -17"><span class='ocrx_word' id='word_1_202' title='bbox 763 3139 961 3210; x_wconf 69' lang='lat' dir='ltr'><strong><em>forteg</em></strong></span> <span class='ocrx_word' id='word_1_203' title='bbox 1009 3140 1097 3198; x_wconf 86' lang='lat' dir='ltr'><strong><em>vel</em></strong></span> <span class='ocrx_word' id='word_1_204' title='bbox 1153 3139 1484 3213; x_wconf 81' lang='lat' dir='ltr'><strong><em>ubicumque</em></strong></span> <span class='ocrx_word' id='word_1_205' title='bbox 1528 3158 1567 3197; x_wconf 93' lang='lat' dir='ltr'><strong><em>a</em></strong></span> <span class='ocrx_word' id='word_1_206' title='bbox 1610 3143 1798 3198; x_wconf 89' lang='lat' dir='ltr'><strong><em>rectae</em></strong></span> <span class='ocrx_word' id='word_1_207' title='bbox 1839 3137 1978 3210; x_wconf 76' lang='lat' dir='ltr'><strong><em>fidei</em></strong></span> <span class='ocrx_word' id='word_1_208' title='bbox 2023 3139 2256 3198; x_wconf 87' lang='lat' dir='ltr'><strong><em>tramite</em></strong></span> <span class='ocrx_word' id='word_1_209' title='bbox 2311 3130 2645 3198; x_wconf 78' lang='lat' dir='ltr'><strong><em>deviasse</em></strong></span> <span class='ocrx_word' id='word_1_210' title='bbox 2673 3141 2991 3215; x_wconf 76' lang='lat' dir='ltr'><strong><em>coynoverit</em></strong></span> 
     </span>
     <span class='ocr_line' id='line_1_29' title="bbox 762 3216 2990 3304; baseline 0 -18"><span class='ocrx_word' id='word_1_211' title='bbox 762 3233 865 3288; x_wconf 87' lang='lat' dir='ltr'><strong><em>aut</em></strong></span> <span class='ocrx_word' id='word_1_212' title='bbox 908 3228 1127 3287; x_wconf 89' lang='lat' dir='ltr'><strong><em>astutia</em></strong></span> <span class='ocrx_word' id='word_1_213' title='bbox 1184 3228 1472 3287; x_wconf 90' lang='lat' dir='ltr'><strong><em>diabolica</em></strong></span> <span class='ocrx_word' id='word_1_214' title='bbox 1528 3244 1728 3287; x_wconf 85' lang='lat' dir='ltr'><strong><em>suasos</em></strong></span> <span class='ocrx_word' id='word_1_215' title='bbox 1785 3245 2049 3287; x_wconf 89' lang='lat' dir='ltr'><strong><em>erroneos</em></strong></span> <span class='ocrx_word' id='word_1_216' title='bbox 2104 3216 2453 3301; x_wconf 77' lang='lat' dir='ltr'><strong><em>repererith,</em></strong></span> <span class='ocrx_word' id='word_1_217' title='bbox 2513 3229 2772 3303; x_wconf 61' lang='lat' dir='ltr'><strong><em>corrigat</em></strong></span> <span class='ocrx_word' id='word_1_218' title='bbox 2827 3234 2990 3304; x_wconf 82' lang='lat' dir='ltr'><strong><em>atque</em></strong></span> 
     </span>
     <span class='ocr_line' id='line_1_30' title="bbox 760 3304 2991 3391; baseline 0.001 -16"><span class='ocrx_word' id='word_1_219' title='bbox 760 3318 853 3375; x_wconf 90' lang='lat' dir='ltr'><strong><em>sui</em></strong></span> <span class='ocrx_word' id='word_1_220' title='bbox 896 3304 1256 3376; x_wconf 69' lang='lat' dir='ltr'><strong><em>educationei</em></strong></span> <span class='ocrx_word' id='word_1_221' title='bbox 1316 3316 1394 3375; x_wconf 88' lang='lat' dir='ltr'><strong><em>ad</em></strong></span> <span class='ocrx_word' id='word_1_222' title='bbox 1426 3321 1668 3389; x_wconf 89' lang='lat' dir='ltr'><strong><em>portum</em></strong></span> <span class='ocrx_word' id='word_1_223' title='bbox 1709 3305 2002 3389; x_wconf 80' lang='lat' dir='ltr'><strong><em>reportetk</em></strong></span> <span class='ocrx_word' id='word_1_224' title='bbox 2042 3316 2249 3375; x_wconf 87' lang='lat' dir='ltr'><strong><em>salutis</em></strong></span> <span class='ocrx_word' id='word_1_225' title='bbox 2291 3336 2488 3391; x_wconf 77' lang='lat' dir='ltr'><strong><em>eosque</em></strong></span> <span class='ocrx_word' id='word_1_226' title='bbox 2533 3335 2607 3376; x_wconf 79' lang='lat' dir='ltr'><strong><em>ex</em></strong></span> <span class='ocrx_word' id='word_1_227' title='bbox 2651 3318 2991 3391; x_wconf 88' lang='lat' dir='ltr'><strong><em>apostolicae</em></strong></span> 
     </span>
     <span class='ocr_line' id='line_1_31' title="bbox 760 3405 3061 3481; baseline -0 -17"><span class='ocrx_word' id='word_1_228' title='bbox 760 3406 911 3465; x_wconf 89' lang='lat' dir='ltr'><strong><em>sedis</em></strong></span> <span class='ocrx_word' id='word_1_229' title='bbox 968 3406 1138 3465; x_wconf 88' lang='lat' dir='ltr'><strong><em>huius</em></strong></span> <span class='ocrx_word' id='word_1_230' title='bbox 1195 3405 1461 3465; x_wconf 84' lang='lat' dir='ltr'><strong><em>doctrina</em></strong></span> <span class='ocrx_word' id='word_1_231' title='bbox 1517 3406 1796 3476; x_wconf 86' lang='lat' dir='ltr'><strong><em>informet</em></strong></span> <span class='ocrx_word' id='word_1_232' title='bbox 1853 3409 1908 3464; x_wconf 89' lang='lat' dir='ltr'><strong><em>et</em></strong></span> <span class='ocrx_word' id='word_1_233' title='bbox 1963 3405 2028 3464; x_wconf 92' lang='lat' dir='ltr'><strong><em>in</em></strong></span> <span class='ocrx_word' id='word_1_234' title='bbox 2093 3406 2288 3465; x_wconf 89' lang='lat' dir='ltr'><strong><em>eadem</em></strong></span> <span class='ocrx_word' id='word_1_235' title='bbox 2354 3406 2632 3466; x_wconf 87' lang='lat' dir='ltr'><strong><em>catholica</em></strong></span> <span class='ocrx_word' id='word_1_236' title='bbox 2688 3405 2803 3478; x_wconf 81' lang='lat' dir='ltr'><strong><em>fide</em></strong></span> <span class='ocrx_word' id='word_1_237' title='bbox 2858 3426 2988 3481; x_wconf 85' lang='lat' dir='ltr'><strong><em>per-</em></strong></span> <span class='ocrx_word' id='word_1_238' title='bbox 3021 3426 3061 3463; x_wconf 80' lang='lat'><strong><em>30</em></strong></span> 
     </span>
     <span class='ocr_line' id='line_1_32' title="bbox 759 3495 3140 3594; baseline -0.003 -39"><span class='ocrx_word' id='word_1_239' title='bbox 759 3513 989 3555; x_wconf 87' lang='lat' dir='ltr'><strong><em>manere</em></strong></span> <span class='ocrx_word' id='word_1_240' title='bbox 1029 3495 1317 3554; x_wconf 87' lang='lat' dir='ltr'><strong><em>instituat.</em></strong></span> <span class='ocrx_word' id='word_1_241' title='bbox 3128 3507 3140 3594; x_wconf 69' lang='grc' dir='ltr'>Ι</span> 
     </span>
     <span class='ocr_line' id='line_1_33' title="bbox 979 3581 2991 3644; baseline 0 -2"><span class='ocrx_word' id='word_1_242' title='bbox 979 3582 1088 3642; x_wconf 76' lang='lat' dir='ltr'><strong><em>Oai</em></strong></span> <span class='ocrx_word' id='word_1_243' title='bbox 1143 3584 1447 3644; x_wconf 89' lang='lat' dir='ltr'><strong><em>hortamur</em></strong></span> <span class='ocrx_word' id='word_1_244' title='bbox 1504 3583 1572 3641; x_wconf 92' lang='lat' dir='ltr'><strong><em>ob</em></strong></span> <span class='ocrx_word' id='word_1_245' title='bbox 1631 3601 1884 3642; x_wconf 91' lang='lat' dir='ltr'><strong><em>amorem</em></strong></span> <span class='ocrx_word' id='word_1_246' title='bbox 1942 3583 2162 3642; x_wconf 89' lang='lat' dir='ltr'><strong><em>domini</em></strong></span> <span class='ocrx_word' id='word_1_247' title='bbox 2221 3584 2404 3643; x_wconf 84' lang='lat' dir='ltr'><strong><em>nostri</em></strong></span> <span class='ocrx_word' id='word_1_248' title='bbox 2462 3582 2598 3642; x_wconf 90' lang='lat' dir='ltr'><strong><em>Iesu</em></strong></span> <span class='ocrx_word' id='word_1_249' title='bbox 2659 3581 2881 3643; x_wconf 78' lang='lat' dir='ltr'><strong><em>Christi</em></strong></span> <span class='ocrx_word' id='word_1_250' title='bbox 2941 3590 2991 3643; x_wconf 91' lang='lat' dir='ltr'><strong><em>et</em></strong></span> 
     </span>
    </p>
   </div>
   <div class='ocr_carea' id='block_1_6' title="bbox 977 2141 3139 2403">
    <p class='ocr_par' dir='ltr' id='par_1_7' title="bbox 977 2141 3139 2403">
     <span class='ocr_line' id='line_1_34' title="bbox 977 2141 3139 2403; baseline 0 -183"><span class='ocrx_word' id='word_1_251' title='bbox 977 2159 1432 2221; x_wconf 83' lang='lat' dir='ltr'><strong><em>Sollicitudinem</em></strong></span> <span class='ocrx_word' id='word_1_252' title='bbox 1504 2160 1748 2219; x_wconf 88' lang='lat' dir='ltr'><strong><em>nimiam</em></strong></span> <span class='ocrx_word' id='word_1_253' title='bbox 1821 2165 2071 2235; x_wconf 73' lang='lat' dir='ltr'><strong><em>yerentes</em></strong></span> <span class='ocrx_word' id='word_1_254' title='bbox 2126 2178 2244 2233; x_wconf 85' lang='lat' dir='ltr'><strong><em>pro</em></strong></span> <span class='ocrx_word' id='word_1_255' title='bbox 2311 2162 2691 2234; x_wconf 80' lang='lat' dir='ltr'><strong><em>speculatione</em></strong></span> <span class='ocrx_word' id='word_1_256' title='bbox 2757 2162 2994 2233; x_wconf 84' lang='lat' dir='ltr'><strong><em>credita,</em></strong></span> <span class='ocrx_word' id='word_1_257' title='bbox 3119 2141 3139 2403; x_wconf 60' lang='lat'>¹</span> 
     </span>
    </p>
   </div>
   <div class='ocr_carea' id='block_1_7' title="bbox 759 3672 3063 4014">
    <p class='ocr_par' dir='ltr' id='par_1_8' title="bbox 759 3672 3063 4014">
     <span class='ocr_line' id='line_1_35' title="bbox 761 3672 2988 3746; baseline 0 -15"><span class='ocrx_word' id='word_1_258' title='bbox 761 3673 1149 3746; x_wconf 89' lang='lat' dir='ltr'><strong><em>apostolorum</em></strong></span> <span class='ocrx_word' id='word_1_259' title='bbox 1192 3672 1313 3731; x_wconf 87' lang='lat' dir='ltr'><strong><em>eius</em></strong></span> <span class='ocrx_word' id='word_1_260' title='bbox 1355 3672 1732 3731; x_wconf 88' lang='lat' dir='ltr'><strong><em>reverentiam</em></strong></span> <span class='ocrx_word' id='word_1_261' title='bbox 1774 3677 1838 3731; x_wconf 90' lang='lat' dir='ltr'><strong><em>ut</em></strong></span> <span class='ocrx_word' id='word_1_262' title='bbox 1882 3672 1946 3730; x_wconf 90' lang='lat' dir='ltr'><strong><em>in</em></strong></span> <span class='ocrx_word' id='word_1_263' title='bbox 1991 3672 2249 3731; x_wconf 90' lang='lat' dir='ltr'><strong><em>omnibus</em></strong></span> <span class='ocrx_word' id='word_1_264' title='bbox 2306 3673 2525 3732; x_wconf 89' lang='lat' dir='ltr'><strong><em>solatia</em></strong></span> <span class='ocrx_word' id='word_1_265' title='bbox 2576 3672 2988 3744; x_wconf 73' lang='lat' dir='ltr'><strong><em>exhibeatis,</em></strong></span> 
     </span>
     <span class='ocr_line' id='line_1_36' title="bbox 760 3758 2991 3836; baseline 0.001 -17"><span class='ocrx_word' id='word_1_266' title='bbox 760 3778 991 3835; x_wconf 79' lang='lat' dir='ltr'><strong><em>eumque</em></strong></span> <span class='ocrx_word' id='word_1_267' title='bbox 1033 3762 1099 3821; x_wconf 92' lang='lat' dir='ltr'><strong><em>in</em></strong></span> <span class='ocrx_word' id='word_1_268' title='bbox 1141 3762 1368 3820; x_wconf 88' lang='lat' dir='ltr'><strong><em>nomine</em></strong></span> <span class='ocrx_word' id='word_1_269' title='bbox 1410 3759 1545 3819; x_wconf 88' lang='lat' dir='ltr'><strong><em>Iesu</em></strong></span> <span class='ocrx_word' id='word_1_270' title='bbox 1578 3758 1798 3819; x_wconf 78' lang='lat' dir='ltr'><strong><em>Christi</em></strong></span> <span class='ocrx_word' id='word_1_271' title='bbox 1840 3761 2158 3835; x_wconf 73' lang='lat' dir='ltr'><strong><em>recipiatiS,</em></strong></span> <span class='ocrx_word' id='word_1_272' title='bbox 2203 3766 2268 3820; x_wconf 89' lang='lat' dir='ltr'><strong><em>ut</em></strong></span> <span class='ocrx_word' id='word_1_273' title='bbox 2309 3762 2590 3836; x_wconf 88' lang='lat' dir='ltr'><strong><em>scriptum</em></strong></span> <span class='ocrx_word' id='word_1_274' title='bbox 2633 3766 2717 3821; x_wconf 91' lang='lat' dir='ltr'><strong><em>est</em></strong></span> <span class='ocrx_word' id='word_1_275' title='bbox 2759 3762 2830 3821; x_wconf 88' lang='lat' dir='ltr'><strong><em>de</em></strong></span> <span class='ocrx_word' id='word_1_276' title='bbox 2873 3763 2991 3821; x_wconf 86' lang='lat' dir='ltr'><strong><em>suis</em></strong></span> 
     </span>
     <span class='ocr_line' id='line_1_37' title="bbox 760 3849 3063 3926; baseline 0 -18"><span class='ocrx_word' id='word_1_277' title='bbox 760 3849 1062 3924; x_wconf 75' lang='lat' dir='ltr'><strong><em>discipulis</em></strong></span> <span class='ocrx_word' id='word_1_278' title='bbox 1076 3873 1093 3908; x_wconf 88' lang='grc'><strong>.-</strong></span> <span class='ocrx_word' id='word_1_279' title='bbox 1162 3850 1285 3921; x_wconf 86' lang='lat' dir='ltr'><strong><em>Qui</em></strong></span> <span class='ocrx_word' id='word_1_280' title='bbox 1351 3867 1465 3909; x_wconf 83' lang='lat' dir='ltr'><strong><em>vos</em></strong></span> <span class='ocrx_word' id='word_1_281' title='bbox 1533 3852 1771 3925; x_wconf 78' lang='lat' dir='ltr'><strong><em>recipit,</em></strong></span> <span class='ocrx_word' id='word_1_282' title='bbox 1842 3868 1944 3907; x_wconf 84' lang='lat' dir='ltr'><strong><em>me</em></strong></span> <span class='ocrx_word' id='word_1_283' title='bbox 2012 3852 2262 3926; x_wconf 75' lang='lat' dir='ltr'><strong><em>recipit3</em></strong></span> <span class='ocrx_word' id='word_1_284' title='bbox 2323 3850 2692 3923; x_wconf 77' lang='lat' dir='ltr'><strong><em>providentes</em></strong></span> <span class='ocrx_word' id='word_1_285' title='bbox 2756 3851 2992 3925; x_wconf 88' lang='lat' dir='ltr'><strong><em>insuper</em></strong></span> <span class='ocrx_word' id='word_1_286' title='bbox 3022 3868 3063 3909; x_wconf 78' lang='lat'><strong><em>35</em></strong></span> 
     </span>
     <span class='ocr_line' id='line_1_38' title="bbox 759 3938 2992 4014; baseline 0.001 -17"><span class='ocrx_word' id='word_1_287' title='bbox 759 3940 1081 3999; x_wconf 88' lang='lat' dir='ltr'><strong><em>necessaria</em></strong></span> <span class='ocrx_word' id='word_1_288' title='bbox 1137 3939 1369 3997; x_wconf 85' lang='lat' dir='ltr'><strong><em>itineris</em></strong></span> <span class='ocrx_word' id='word_1_289' title='bbox 1425 3938 1546 3998; x_wconf 88' lang='lat' dir='ltr'><strong><em>eius</em></strong></span> <span class='ocrx_word' id='word_1_290' title='bbox 1605 3939 1830 3998; x_wconf 87' lang='lat' dir='ltr'><strong><em>comites</em></strong></span> <span class='ocrx_word' id='word_1_291' title='bbox 1843 3958 1973 4014; x_wconf 82' lang='lat' dir='ltr'><strong><em>que</em></strong></span> <span class='ocrx_word' id='word_1_292' title='bbox 2039 3939 2366 4009; x_wconf 86' lang='lat' dir='ltr'><strong><em>tribuentes,</em></strong></span> <span class='ocrx_word' id='word_1_293' title='bbox 2434 3940 2618 3999; x_wconf 90' lang='lat' dir='ltr'><strong><em>cibum</em></strong></span> <span class='ocrx_word' id='word_1_294' title='bbox 2684 3940 2861 3999; x_wconf 88' lang='lat' dir='ltr'><strong><em>etiam</em></strong></span> <span class='ocrx_word' id='word_1_295' title='bbox 2927 3958 2992 3999; x_wconf 86' lang='lat' dir='ltr'><strong><em>ac</em></strong></span> 
     </span>
    </p>
   </div>
   <div class='ocr_carea' id='block_1_8' title="bbox 3125 3819 3140 4060">
    <p class='ocr_par' dir='ltr' id='par_1_9' title="bbox 3125 3819 3140 4060">
     <span class='ocr_line' id='line_1_39' title="bbox 3125 3819 3140 4060; baseline 0 1132"><span class='ocrx_word' id='word_1_296' title='bbox 3125 3819 3140 4060; x_wconf 95' lang='lat' dir='ltr'><strong><em> </em></strong></span> 
     </span>
    </p>
   </div>
   <div class='ocr_carea' id='block_1_9' title="bbox 972 4124 1771 4173">
    <p class='ocr_par' dir='ltr' id='par_1_10' title="bbox 972 4124 1771 4173">
     <span class='ocr_line' id='line_1_40' title="bbox 972 4124 1771 4173; baseline -0.004 -7"><span class='ocrx_word' id='word_1_297' title='bbox 972 4124 1077 4166; x_wconf 87' lang='lat' dir='ltr'><strong><em>V11.</em></strong></span> <span class='ocrx_word' id='word_1_298' title='bbox 1134 4124 1269 4173; x_wconf 58' lang='grc' dir='ltr'><strong>σαψ.</strong></span> <span class='ocrx_word' id='word_1_299' title='bbox 1300 4124 1367 4163; x_wconf 72' lang='grc'><strong>10.</strong></span> <span class='ocrx_word' id='word_1_300' title='bbox 1397 4126 1463 4164; x_wconf 85' lang='grc'><strong>17.</strong></span> <span class='ocrx_word' id='word_1_301' title='bbox 1521 4125 1561 4164; x_wconf 88' lang='lat'><strong><em>1.</em></strong></span> <span class='ocrx_word' id='word_1_302' title='bbox 1593 4124 1660 4164; x_wconf 78' lang='lat' dir='ltr'><strong><em>2a.</em></strong></span> <span class='ocrx_word' id='word_1_303' title='bbox 1679 4124 1718 4163; x_wconf 91' lang='lat' dir='ltr'><strong><em>b.</em></strong></span> <span class='ocrx_word' id='word_1_304' title='bbox 1733 4135 1771 4163; x_wconf 88' lang='lat' dir='ltr'><strong><em>c.</em></strong></span> 
     </span>
    </p>
   </div>
   <div class='ocr_carea' id='block_1_10' title="bbox 762 4211 3144 4389">
    <p class='ocr_par' dir='ltr' id='par_1_11' title="bbox 762 4211 3144 4389">
     <span class='ocr_line' id='line_1_41' title="bbox 762 4211 2990 4267; baseline 0 -12"><span class='ocrx_word' id='word_1_305' title='bbox 762 4214 807 4267; x_wconf 76' lang='lat' dir='ltr'><strong><em>a)</em></strong></span> <span class='ocrx_word' id='word_1_306' title='bbox 844 4226 929 4255; x_wconf 87' lang='lat' dir='ltr'><strong><em>om.</em></strong></span> <span class='ocrx_word' id='word_1_307' title='bbox 967 4216 1029 4253; x_wconf 76' lang='grc' dir='ltr'><strong>2ο.</strong></span> <span class='ocrx_word' id='word_1_308' title='bbox 1192 4214 1239 4261; x_wconf 92' lang='lat' dir='ltr'><strong><em>b)</em></strong></span> <span class='ocrx_word' id='word_1_309' title='bbox 1275 4214 1378 4253; x_wconf 80' lang='lat' dir='ltr'><strong><em>inst.</em></strong></span> <span class='ocrx_word' id='word_1_310' title='bbox 1408 4211 1499 4253; x_wconf 76' lang='lat' dir='ltr'><strong><em>det.</em></strong></span> <span class='ocrx_word' id='word_1_311' title='bbox 1529 4224 1589 4253; x_wconf 85' lang='lat' dir='ltr'><strong><em>m.</em></strong></span> <span class='ocrx_word' id='word_1_312' title='bbox 1619 4214 1678 4252; x_wconf 85' lang='lat' dir='ltr'><strong><em>al.</em></strong></span> <span class='ocrx_word' id='word_1_313' title='bbox 1709 4214 1757 4251; x_wconf 79' lang='lat' dir='ltr'><strong><em>in</em></strong></span> <span class='ocrx_word' id='word_1_314' title='bbox 1786 4224 1926 4262; x_wconf 72' lang='lat' dir='ltr'><strong><em>mary.</em></strong></span> <span class='ocrx_word' id='word_1_315' title='bbox 1956 4214 2100 4261; x_wconf 80' lang='lat' dir='ltr'><strong><em>suppl.</em></strong></span> <span class='ocrx_word' id='word_1_316' title='bbox 2131 4215 2170 4253; x_wconf 90' lang='lat'><strong><em>1.</em></strong></span> <span class='ocrx_word' id='word_1_317' title='bbox 2335 4214 2379 4261; x_wconf 84' lang='lat' dir='ltr'><strong><em>c)</em></strong></span> <span class='ocrx_word' id='word_1_318' title='bbox 2413 4224 2500 4264; x_wconf 64' lang='lat' dir='ltr'><strong><em>pr„</em></strong></span> <span class='ocrx_word' id='word_1_319' title='bbox 2538 4212 2885 4255; x_wconf 69' lang='lat' dir='ltr'><strong><em>subdiaconibus</em></strong></span> <span class='ocrx_word' id='word_1_320' title='bbox 2923 4215 2990 4256; x_wconf 66' lang='lat'><strong><em>21⁸·</em></strong></span> 
     </span>
     <span class='ocr_line' id='line_1_42' title="bbox 763 4266 2987 4319; baseline 0.001 -12"><span class='ocrx_word' id='word_1_321' title='bbox 763 4269 793 4307; x_wconf 88' lang='lat' dir='ltr'><strong>d</strong></span> <span class='ocrx_word' id='word_1_322' title='bbox 838 4268 1036 4309; x_wconf 75' lang='lat' dir='ltr'><strong><em>castallis</em></strong></span> <span class='ocrx_word' id='word_1_323' title='bbox 1056 4279 1134 4316; x_wconf 83' lang='lat' dir='ltr'><strong><em>pr.</em></strong></span> <span class='ocrx_word' id='word_1_324' title='bbox 1163 4278 1222 4306; x_wconf 88' lang='lat' dir='ltr'><strong><em>m.</em></strong></span> <span class='ocrx_word' id='word_1_325' title='bbox 1252 4268 1315 4306; x_wconf 81' lang='grc' dir='ltr'><strong>2ο.</strong></span> <span class='ocrx_word' id='word_1_326' title='bbox 1452 4266 1496 4319; x_wconf 84' lang='lat' dir='ltr'><strong><em>e)</em></strong></span> <span class='ocrx_word' id='word_1_327' title='bbox 1522 4267 1570 4306; x_wconf 89' lang='lat' dir='ltr'><strong><em>in</em></strong></span> <span class='ocrx_word' id='word_1_328' title='bbox 1597 4278 1643 4310; x_wconf 89' lang='lat' dir='ltr'><strong><em>u.</em></strong></span> <span class='ocrx_word' id='word_1_329' title='bbox 1671 4277 1732 4305; x_wconf 89' lang='lat' dir='ltr'><strong><em>m.</em></strong></span> <span class='ocrx_word' id='word_1_330' title='bbox 1761 4267 1820 4307; x_wconf 76' lang='lat' dir='ltr'><strong><em>al.</em></strong></span> <span class='ocrx_word' id='word_1_331' title='bbox 1851 4278 1892 4315; x_wconf 75' lang='lat' dir='ltr'><strong><em>g.</em></strong></span> <span class='ocrx_word' id='word_1_332' title='bbox 1923 4277 2007 4308; x_wconf 82' lang='lat' dir='ltr'><strong><em>om.</em></strong></span> <span class='ocrx_word' id='word_1_333' title='bbox 2039 4268 2106 4307; x_wconf 82' lang='lat' dir='ltr'><strong><em>2b.</em></strong></span> <span class='ocrx_word' id='word_1_334' title='bbox 2243 4268 2280 4313; x_wconf 70' lang='grc' dir='ltr'><strong><em>ί)</em></strong></span> <span class='ocrx_word' id='word_1_335' title='bbox 2305 4278 2391 4307; x_wconf 87' lang='lat' dir='ltr'><strong><em>om.</em></strong></span> <span class='ocrx_word' id='word_1_336' title='bbox 2421 4268 2488 4309; x_wconf 79' lang='lat' dir='ltr'><strong><em>2b.</em></strong></span> <span class='ocrx_word' id='word_1_337' title='bbox 2625 4268 2671 4319; x_wconf 74' lang='lat' dir='ltr'><strong><em>g)</em></strong></span> <span class='ocrx_word' id='word_1_338' title='bbox 2697 4269 2762 4307; x_wconf 85' lang='lat' dir='ltr'><strong><em>ibi</em></strong></span> <span class='ocrx_word' id='word_1_339' title='bbox 2789 4269 2892 4308; x_wconf 77' lang='lat' dir='ltr'><strong><em>add.</em></strong></span> <span class='ocrx_word' id='word_1_340' title='bbox 2922 4268 2987 4311; x_wconf 78' lang='lat' dir='ltr'><strong><em>2b.</em></strong></span> 
     </span>
     <span class='ocr_line' id='line_1_43' title="bbox 762 4268 3144 4389; baseline 0 -28"><span class='ocrx_word' id='word_1_341' title='bbox 762 4268 811 4373; x_wconf 47' lang='lat' dir='ltr'><strong><em>hg</em></strong></span> <span class='ocrx_word' id='word_1_342' title='bbox 838 4322 1007 4371; x_wconf 81' lang='lat' dir='ltr'><strong><em>reperit</em></strong></span> <span class='ocrx_word' id='word_1_343' title='bbox 1033 4322 1096 4360; x_wconf 77' lang='grc' dir='ltr'><strong>2ο.</strong></span> <span class='ocrx_word' id='word_1_344' title='bbox 1206 4321 1239 4369; x_wconf 84' lang='lat' dir='ltr'><strong><em>i)</em></strong></span> <span class='ocrx_word' id='word_1_345' title='bbox 1266 4318 1504 4361; x_wconf 81' lang='lat' dir='ltr'><strong><em>eductione</em></strong></span> <span class='ocrx_word' id='word_1_346' title='bbox 1531 4320 1598 4360; x_wconf 77' lang='lat' dir='ltr'><strong><em>2c.</em></strong></span> <span class='ocrx_word' id='word_1_347' title='bbox 1709 4319 1756 4371; x_wconf 85' lang='lat' dir='ltr'><strong><em>k)</em></strong></span> <span class='ocrx_word' id='word_1_348' title='bbox 1782 4321 1846 4359; x_wconf 74' lang='lat' dir='ltr'><strong><em>ita</em></strong></span> <span class='ocrx_word' id='word_1_349' title='bbox 1875 4322 1896 4359; x_wconf 93' lang='lat'>1</span> <span class='ocrx_word' id='word_1_350' title='bbox 1909 4331 1921 4371; x_wconf 91' lang='lat'>;</span> <span class='ocrx_word' id='word_1_351' title='bbox 1951 4321 2161 4360; x_wconf 79' lang='lat' dir='ltr'><strong><em>restituat</em></strong></span> <span class='ocrx_word' id='word_1_352' title='bbox 2187 4322 2285 4360; x_wconf 84' lang='lat' dir='ltr'><strong><em>rell.</em></strong></span> <span class='ocrx_word' id='word_1_353' title='bbox 3020 4322 3066 4361; x_wconf 76' lang='lat'><strong><em>40</em></strong></span> <span class='ocrx_word' id='word_1_354' title='bbox 3135 4375 3144 4389; x_wconf 39' lang='grc' dir='ltr'><strong><em>ι</em></strong></span> 
     </span>
    </p>
   </div>
   <div class='ocr_carea' id='block_1_11' title="bbox 3126 4089 3144 4360">
    <p class='ocr_par' dir='ltr' id='par_1_12' title="bbox 3126 4089 3144 4360">
     <span class='ocr_line' id='line_1_44' title="bbox 3126 4089 3144 4360; baseline 0 0"><span class='ocrx_word' id='word_1_355' title='bbox 3126 4089 3144 4360; x_wconf 95' lang='lat' dir='ltr'><strong><em> </em></strong></span> 
     </span>
    </p>
   </div>
   <div class='ocr_carea' id='block_1_12' title="bbox 761 4395 3143 4646">
    <p class='ocr_par' dir='ltr' id='par_1_13' title="bbox 761 4395 3143 4646">
     <span class='ocr_line' id='line_1_45' title="bbox 761 4395 3143 4646; baseline 0 -110"><span class='ocrx_word' id='word_1_356' title='bbox 761 4480 814 4551; x_wconf 92' lang='grc'><strong><em>1)</em></strong></span> <span class='ocrx_word' id='word_1_357' title='bbox 842 4482 926 4546; x_wconf 78' lang='lat' dir='ltr'><strong><em>Cf.</em></strong></span> <span class='ocrx_word' id='word_1_358' title='bbox 962 4482 1121 4546; x_wconf 79' lang='lat' dir='ltr'><strong><em>infra</em></strong></span> <span class='ocrx_word' id='word_1_359' title='bbox 1144 4498 1204 4547; x_wconf 87' lang='lat' dir='ltr'><strong><em>p.</em></strong></span> <span class='ocrx_word' id='word_1_360' title='bbox 1232 4482 1354 4547; x_wconf 82' lang='lat'><strong><em>132,</em></strong></span> <span class='ocrx_word' id='word_1_361' title='bbox 1374 4484 1458 4535; x_wconf 84' lang='lat'><strong><em>30.</em></strong></span> <span class='ocrx_word' id='word_1_362' title='bbox 1584 4482 1642 4547; x_wconf 82' lang='lat'><strong><em>2)</em></strong></span> <span class='ocrx_word' id='word_1_363' title='bbox 1669 4479 1824 4546; x_wconf 85' lang='lat' dir='ltr'><strong><em>Jaffe&#39;</em></strong></span> <span class='ocrx_word' id='word_1_364' title='bbox 1849 4498 1902 4536; x_wconf 84' lang='lat' dir='ltr'><strong><em>n.</em></strong></span> <span class='ocrx_word' id='word_1_365' title='bbox 1919 4482 1997 4535; x_wconf 84' lang='lat'><strong><em>·18</em></strong></span> <span class='ocrx_word' id='word_1_366' title='bbox 2021 4485 2100 4547; x_wconf 85' lang='lat' dir='ltr'><strong><em>(p.</em></strong></span> <span class='ocrx_word' id='word_1_367' title='bbox 2117 4482 2243 4546; x_wconf 83' lang='lat'><em>77)‚·</em></span> <span class='ocrx_word' id='word_1_368' title='bbox 2266 4481 2544 4533; x_wconf 74' lang='lat' dir='ltr'><strong><em>Du‘mmler</em></strong></span> <span class='ocrx_word' id='word_1_369' title='bbox 2565 4498 2620 4537; x_wconf 78' lang='lat' dir='ltr'><strong><em>n.</em></strong></span> <span class='ocrx_word' id='word_1_370' title='bbox 2642 4484 2708 4536; x_wconf 81' lang='lat'><strong><em>17</em></strong></span> <span class='ocrx_word' id='word_1_371' title='bbox 2733 4483 2986 4551; x_wconf 33' lang='lat' dir='ltr'><strong><em>(p.,266).</em></strong></span> <span class='ocrx_word' id='word_1_372' title='bbox 3123 4395 3143 4646; x_wconf 65' lang='grc'>1</span> 
     </span>
    </p>
   </div>
   <div class='ocr_carea' id='block_1_13' title="bbox 3128 4711 3146 5160">
    <p class='ocr_par' dir='ltr' id='par_1_14' title="bbox 3128 4711 3146 5160">
     <span class='ocr_line' id='line_1_46' title="bbox 3128 4711 3146 5160; baseline 0 0"><span class='ocrx_word' id='word_1_373' title='bbox 3128 4711 3146 5160; x_wconf 64' lang='grc' dir='ltr'>Ι</span> 
     </span>
    </p>
   </div>
  </div>
 </body>
</html>
