3167 5192
57 437 237 514 ’ΖΞ
493 491 735 553 wrm
770 493 1178 550 BomA‘m
1212 491 1573 549 metrone
1610 491 1918 549 omLoflo
1954 491 2189 547 LIBER
2211 491 2292 548 11.
2414 495 2516 550 185

27 647 191 792 ,¹:-
219 681 242 718 ²
339 680 451 759 (8).
544 677 1357 743 REVERENTISSMO1
1398 681 1881 742 BONIF'ATIO
1932 679 2449 741 GOE'PISGOPO
2535 699 2758 748 apes-exn.

27 771 35 779 ”
165 768 216 795 ”“’
578 770 1066 832 ZAGHARIAS
1122 770 1287 832 SER
1298 769 1453 832 VUS
1507 770 1672 830 SER
1683 771 1848 830 VOR
1856 771 1982 830 ΠΜ
2029 771 2208 830 DEI.

27 910 183 984 ,ἦρ-ι
490 897 775 971 Eqreqius
818 915 921 956 nos
966 902 1247 956 ammonet
1289 898 1579 971 apostolus
1624 897 1850 955 Paulus
1903 896 1966 954 in
2009 914 2091 964 ec,
2162 895 2350 970 quoda
2395 895 2514 954 ait.-

26 1023 127 1067 ,ἦν
254 989 635 1046 Imitatores
681 989 807 1045 mei
854 991 1075 1056 estote,
1147 987 1312 1045 sicut
1370 989 1435 1044 et
1480 1004 1596 1062 ego
1644 985 1895 1044 Christi.
1989 985 2148 1043 Hinc
2215 989 2299 1043 est
2363 1003 2512 1058 cryc,

49 1119 78 1156 ‚
95 1126 114 1146 ,
256 1095 303 1150 q
329 1097 373 1135 u
400 1095 431 1134 o
454 1077 492 1135 d
546 1063 700 1152 perh
754 1075 1020 1150 spiritale
1088 1075 1352 1134 caritatis
1416 1075 1726 1144 vinculum,
1797 1073 1902 1132 etsi
1964 1092 2198 1148 corpore
2243 1075 2512 1142 absentes,

27 1154 121 1246 fij,
157 1225 198 1264 ι
258 1165 491 1240 spiritu
537 1169 619 1223 ta
640 1183 697 1223 m
720 1183 749 1222 e
771 1183 811 1222 n
854 1182 1075 1238 semper
1121 1163 1398 1235 fratern
1374 1183 1399 1222 i
1422 1169 1506 1222 ta
1527 1169 1552 1222 t
1570 1163 1596 1222 i
1643 1168 1772 1222 tuae
1829 1182 1859 1222 3
1881 1183 1921 1222 u
1943 1181 2070 1222 mus
2103 1167 2398 1238 presentes
2443 1167 2519 1220 et

257 1255 333 1312 in
381 1254 595 1312 nostris
640 1253 993 1312 orationibus
1036 1253 1371 1311 memoriam
1405 1253 1490 1311 tui
1526 1271 1693 1326 aqere
1727 1271 1839 1311 non
1883 1252 2226 1320 desistimus,
2263 1255 2516 1326 petentes

258 1343 589 1402 inmensam
634 1342 673 1400 d
696 1361 727 1401 o
750 1361 807 1400 m
829 1343 854 1400 i
874 1342 963 1400 ni
1005 1341 1161 1400 Dei⁰
1202 1342 1387 1400 nostri
1434 1361 1483 1416 p
1504 1342 1531 1400 i
1552 1361 1581 1400 e
1605 1346 1793 1411 tatem,
1855 1346 1922 1400 ut
1976 1361 2016 1399 a
2036 1341 2076 1399 d
2124 1341 2514 1415 peraqendum

260 1422 485 1491 suumd
538 1437 589 1490 te
656 1429 949 1503 confirmet
1011 1431 1413 1500 ministerium,
1484 1435 1760 1506 quatenus
1817 1431 1879 1489 in
1937 1430 2030 1488 die
2075 1431 2348 1488 adventus
2393 1429 2514 1487 eius

26 1487 217 1616 ¹:⁴²5)
262 1520 443 1580 illam
499 1521 847 1595 placabilem
913 1520 1193 1578 merearis
1251 1539 1301 1594 p
1322 1539 1357 1578 r
1380 1539 1413 1578 o
1437 1522 1478 1591 f
1491 1539 1519 1578 e
1542 1539 1577 1578 r
1599 1539 1634 1578 r
1657 1519 1724 1578 e⁰
1779 1537 1999 1578 vocem.-
2069 1520 2228 1577 Ecee
2288 1536 2402 1595 ego
2449 1524 2514 1576 et

99 1587 146 1626 ὓ
262 1611 472 1686 pueri,
506 1628 662 1686 quos
710 1610 942 1668 dedjsti
985 1607 1171 1666 mihi!
1252 1609 1394 1667 Non
1448 1609 1693 1684 perdidi
1739 1626 1816 1667 ex
1859 1611 1950 1666 eis
1997 1625 2402 1684 quemquam,
2451 1613 2516 1664 ut

48 1765 59 1772 ‚
262 1699 535 1757 continuo
602 1717 771 1758 cum
840 1699 1175 1777 ceteris
1241 1698 1586 1758 sanctis
1653 1698 1785 1756 illa
1858 1685 2333 1772 supernaef
2386 1714 2509 1754 vo-

26 1777 51 1820 ⁸
93 1788 130 1822 *¹
265 1787 670 1846 cationis
736 1787 915 1846 dicta
978 1787 1333 1846 audias:
1395 1788 1644 1857 Venite,
1713 1788 2032 1846 benedicti
2097 1787 2294 1862 patris
2363 1788 2508 1858 mei,

263 1878 573 1952 percipito
616 1894 903 1952 regnum,
951 1879 1121 1952 quod
1150 1878 1330 1934 vobis
1366 1876 1706 1952 paratum&
1741 1881 1842 1934 est
1876 1877 1956 1934 ab
1994 1877 2230 1951 origine
2265 1875 2508 1932 mundi.

26 1967 125 2020 W
154 1981 219 2020 {5
486 1965 775 2038 Aqnoscas
818 1965 843 2023 i
863 1984 900 2038 9
921 1965 945 2023 i
968 1970 1051 2023 tu
1074 1985 1139 2034 r,
1187 1965 1511 2034 karissime,
1558 1965 1852 2038 flagitasse
1889 1984 1928 2023 a
1955 1964 2117 2023 nobis
2146 1951 2504 2039 Pippinum¹l

264 2054 805 2113 excellentissimum
870 2054 1147 2112 maiorem
1222 2054 1423 2114 domus
1494 2055 1676 2128 qentis
1741 2054 2108 2112 Francorum
2165 2071 2279 2128 per
2347 2071 2511 2112 suum

28 2170 61 2201 a
81 2171 101 2199 ι
142 2177 151 2184 -
264 2143 550 2201 hominem
592 2143 816 2201 nomine
860 2143 1274 2212 Ardobanium,
1336 2131 1700 2216 reliqiosumi
1751 2143 2154 2217 presbiterum,
2213 2142 2513 2216 aliquant-a

88 2278 118 2296 .,
264 2232 529 2306 capitula
594 2232 663 2290 de
728 2231 1073 2291 sacerdotali
1140 2232 1338 2290 ordine
1406 2237 1461 2291 et
1524 2251 1670 2306 quae
1727 2232 1806 2290 ad
1849 2234 2090 2291 salutem
2135 2221 2506 2290 animarumk

26 2352 118 2390 m
252 2319 569 2396 pertinent,
617 2321 791 2380 simul
835 2321 1008 2380 etiam
1052 2326 1108 2379 et
1138 2340 1255 2396 pro
1299 2321 1511 2380 illicita
1554 2323 1777 2396 copula,
1826 2321 2075 2396 qualiter
2119 2339 2237 2380 sese
2281 2321 2515 2379 debeant

27 2441 113 2478 n—
160 2427 225 2466 20
264 2410 555 2469 custodire
597 2410 769 2468 iuxta
811 2410 991 2468 ritum
1036 2410 1383 2470 christianae
1420 2411 1716 2484 reliqionis
1761 2415 1817 2468 et
1857 2398 2190 2469 sacrorum¹
2236 2427 2511 2468 canonum

36 2534 110 2570 12.
264 2499 553 2569 instituta,
599 2499 685 2557 in
706 2517 742 2572 q
764 2517 805 2557 u
826 2499 851 2556 i
872 2499 1000 2558 sis
1021 2517 1051 2558 s
1073 2518 1119 2557 e.
1212 2499 1298 2558 Et
1340 2517 1686 2574 quamquam
1730 2499 1798 2557 de
1843 2499 1945 2557 hoc
1988 2499 2109 2556 iam
2153 2503 2392 2572 experta
2435 2497 2514 2556 sit

27 2623 61 2661 ἦ·
76 2623 97 2660 ‚s
266 2593 373 2646 tua
416 2593 579 2647 sanct
597 2606 636 2646 a
682 2588 959 2658 fraterni
982 2592 1064 2646 ta
1086 2607 1115 2646 s
1129 2633 1148 2656 ,
1196 2607 1341 2662 quae
1386 2606 1425 2646 a
1466 2589 1630 2646 nobis
1673 2592 1808 2646 sunt
1847 2588 2089 2656 decreta,
2131 2587 2296 2646 illius
2327 2593 2511 2645 tamen

261 2677 417 2735 votis
460 2695 660 2735 aurem
705 2677 1201 2746 accommodantes,
1248 2677 1311 2735 in
1347 2677 1505 2735 brevi
1549 2676 1818 2751 eloquiom
1849 2677 2166 2750 conscripta
2199 2676 2511 2750 apostolica

27 2823 30 2842 ‚
264 2766 601 2824 documenta
628 2765 968 2835 direximus,
1001 2784 1076 2840 qu
1091 2785 1171 2824 ae
1206 2766 1311 2824 ut¹¹1
1348 2766 1411 2824 in
1446 2765 1790 2824 sacerdotali
1819 2765 2048 2838 colleqio
2073 2765 2328 2839 pandan
2343 2764 2506 2833 tur0,

27 2895 91 2931 μ,
164 2871 223 2910 25
268 2859 430 2912 tuam
476 2855 831 2913 sanctitatem
875 2855 1021 2913 inibi
1066 2855 1292 2914 evocari
1337 2855 1596 2914 dedimus
1640 2855 1702 2913 in
1746 2855 2052 2913 mandatis.
2126 2877 2132 2880 ·

488 2942 537 3001 Ο
555 2962 653 3001 um
675 2961 711 3016 q
733 2963 772 3002 u
796 2962 825 3001 e
859 2962 977 3017 pro
1022 2945 1128 3002 hac
1170 2963 1236 3003 re
1280 2948 1646 3018 ayqreqatum
1688 2943 1874 3014 fuerit
1915 2943 2232 3011 concilium,
2280 2942 2358 3001 ad
2401 2961 2508 3000 me-

266 3031 431 3090 dium
474 3032 827 3090 deducantur
870 3033 965 3091 illi
1010 3033 1277 3106 sacrileqi
1322 3037 1390 3091 et
1432 3037 1782 3092 contumaces
1825 3033 2165 3091 Aldebertus
2209 3036 2264 3090 et
2300 3031 2508 3090 Godal-

268 3121 461 3180 sacius
506 3125 561 3179 et
607 3118 877 3190 Clemens,
948 3126 1015 3180 ut
1070 3140 1265 3180 eorum
1322 3122 1503 3181 denuo
1561 3122 1759 3181 subtili
1819 3121 2182 3195 indaqatione
2227 3121 2511 3180 cribretur

30 3276 49 3294 ⁸
269 3227 463 3268 causa.
564 3211 719 3287 Quos
770 3210 825 3268 si
869 3210 1157 3270 deviantes
1210 3229 1249 3268 a
1306 3211 1666 3270 rectitudinis
1711 3211 1940 3270 tramite
1983 3228 2380 3286 usquequaque
2425 3228 2508 3267 re—

168 3315 231 3354 30
258 3299 604 3372 pereritisl’,
638 3304 695 3357 et
726 3299 963 3358 convicti
1010 3299 1234 3370 fuerint
1272 3301 1477 3358 nolle
1522 3301 1600 3358 ad
1641 3299 1799 3358 viam
1843 3304 1964 3359 rect
1983 3319 2022 3358 a
2042 3319 2100 3358 m
2145 3299 2411 3367 converti,
2449 3304 2515 3356 ut

270 3387 475 3445 bonum
518 3391 687 3462 atque
721 3387 1007 3462 placitum
1049 3407 1087 3446 v
1110 3407 1143 3446 o
1165 3389 1297 3446 bis
1352 3407 1390 3446 v
1412 3389 1437 3447 i
1459 3389 1499 3447 d
1520 3407 1549 3446 e
1573 3393 1600 3446 t
1617 3407 1658 3447 u
1680 3408 1746 3458 r,
1809 3407 1934 3448 cum
1970 3389 2238 3463 principe
2273 3388 2508 3462 provin-

269 3475 393 3534 ciae
436 3475 717 3550 disponite
759 3476 1105 3535 secundumq
1142 3495 1419 3536 canonum
1462 3495 1762 3536 sacrorum
1807 3481 2012 3536 statu
2028 3482 2116 3536 ta.
2209 3475 2279 3535 Si
2323 3482 2511 3535 autem

268 3565 333 3622 in
376 3565 647 3638 superbia
680 3565 1061 3639 perstiterint,
1132 3567 1533 3626 contumaciter
1566 3567 2012 3640 proclamantes,
2081 3584 2141 3625 se
2207 3584 2334 3624 reos
2399 3584 2511 3623 non

269 3671 405 3724 esse,
456 3658 586 3712 tunc
630 3673 757 3713 cum
790 3655 1221 3728 probatissimis
1264 3660 1333 3715 et
1382 3655 1854 3730 prudentissimis
1897 3655 2282 3714 sacerdotibus
2328 3655 2512 3712 tribus

44 3747 53 3754 ’
172 3757 230 3798 35
269 3743 359 3802 vel
403 3742 620 3802 duobus
652 3742 947 3819 predictos
990 3744 1069 3802 ad
1110 3763 1213 3803 nos
1257 3744 1463 3818 diriqit
1482 3763 1511 3803 e
1554 3744 1732 3814 viros,
1801 3749 1868 3802 ut
1920 3744 2230 3818 profunda
2273 3744 2508 3818 inquisi-

270 3831 418 3890 tione
463 3849 657 3890 coram
701 3831 828 3890 sede
872 3833 1185 3907 apostolica
1213 3852 1409 3892 eorum
1452 3833 1788 3908 inquiratur
1831 3851 2026 3903 causa,
2072 3837 2128 3908 et
2163 3833 2334 3891 iuoeta
2362 3833 2511 3907 quod

484 4017 587 4057 VII.
645 4018 751 4066 Cap.
781 4018 822 4058 8.
880 4019 920 4057 1.
950 4017 1021 4058 za.
1039 4019 1079 4058 b.
1094 4030 1129 4058 e.

270 4106 315 4156 a)
344 4106 389 4143 in
416 4116 505 4146 ras.
536 4107 577 4144 1.
687 4107 733 4156 b)
764 4105 863 4157 (per
882 4104 985 4156 om.)
1013 4108 1248 4156 spirituale
1276 4109 1343 4150 2a.
1361 4109 1401 4149 b.
1421 4119 1458 4148 e.
1570 4108 1612 4160 c)
1641 4119 1724 4150 om.
1747 4109 1816 4150 2α.
1928 4108 1973 4158 d)
2001 4108 2050 4147 in
2069 4109 2190 4157 aad„
2209 4108 2324 4146 seed
2325 4118 2417 4146 rme
2441 4109 2506 4146 22».

270 4161 315 4207 θ)
342 4171 385 4201 ν.
412 4169 481 4208 pr.
513 4160 581 4198 2a.
598 4159 639 4198 b.
658 4171 695 4198 e.
813 4159 847 4211 f)
874 4170 1011 4208 super
1040 4160 1105 4200 2b.
1223 4161 1269 4213 g)
1296 4173 1342 4210 p.
1373 4166 1441 4200 est
1467 4162 1515 4199 in
1540 4173 1682 4210 mara.
1711 4163 1854 4210 suppl.
1883 4161 1954 4201 aa.
2073 4161 2120 4212 h)
2149 4136 2202 4200 Pi
2187 4162 2250 4210 1ip
2251 4172 2358 4200 num
2386 4161 2496 4202 2b.c

172 4215 231 4253 40
269 4213 303 4261 i)
339 4222 407 4260 pr.
438 4213 520 4254 rel.
549 4213 617 4252 2b.
782 4213 829 4264 k)
866 4213 1044 4253 animae
1072 4216 1111 4253 1.
1275 4214 1313 4266 1)
1345 4219 1517 4254 statuta
1544 4225 1659 4258 sacr.
1687 4225 1786 4256 can.
1817 4215 1950 4266 (corr.
1981 4225 2004 4254 e
2031 4225 2084 4254 ca
2085 4225 2144 4254 no
2117 4225 2204 4254 one
2179 4214 2287 4316 θΘΞα
2258 4213 2318 4306 a)r
2331 4214 2399 4255 2a.
2418 4215 2492 4256 lm:

269 4264 333 4370 313)
345 4266 686 4368 ‘'wgo-⁸255}
706 4278 743 4310 ο.
876 4267 924 4318 n)
951 4278 1009 4310 m.
1034 4269 1095 4310 al.
1120 4278 1335 4316 mersor.
1364 4269 1429 4312 20.
1564 4267 1611 4320 o)
1637 4269 1862 4318 pandatur
1887 4268 1972 4317 (1).
2108 4266 2207 4318 p)r
2296 4267 2410 4307 reris
2439 4269 2506 4308 2h.

271 4477 327 4548 1)
362 4477 517 4544 Jaffe'
543 4495 599 4538 n.
627 4481 696 4535 63
732 4484 809 4547 (p.
838 4482 1007 4544 181),·
1044 4481 1324 4534 Dammler
1356 4498 1411 4536 n.
1438 4483 1507 4537 ⁷⁷
1543 4488 1623 4549 (p.
1660 4483 1808 4547 348).
