3167 5192
727 505 837 562 202
950 499 1195 557 VITAE
1230 499 1636 556 BONIFATII
1673 499 2029 556 AUCTORE
2067 499 2375 556 O'I'LOHO
2412 499 2648 555 LIBER.
2671 499 2752 556 11.

730 686 946 752 fuerit
992 686 1175 750 circa
1218 705 1374 749 omn
1384 703 1473 761 es,
1524 705 1694 768 quos
1745 685 1896 768 ipse
1955 685 2044 748 ad
2107 685 2636 749 christianitatis
2699 684 2976 748 cultum

732 775 1146 840 convertit&
1212 774 1285 838 Si
1310 794 1513 857 quem
1537 794 1698 839 vero
1723 776 2014 849 moveat,
2041 774 2224 857 quod
2249 774 2586 858 plurimae
2610 773 2972 858 epistolae,

730 885 1021 948 quarum
1066 863 1328 928 mentio
1375 863 1456 926 fit
1500 863 1575 926 in
1623 863 2106 948 suprascriptis
2151 862 2482 947 epistolis,
2531 862 2644 928 hic
2707 862 2978 946 pariter

728 953 1029 1037 scriptae
1076 973 1215 1016 non
1262 952 1628 1029 habentur,
1677 951 1853 1016 sciat
1883 951 2062 1016 illud
2095 951 2225 1017 hac
2258 952 2343 1016 de
2375 972 2583 1017 causa
2613 951 2974 1028 accidisse,

730 1041 1055 1125 quoniam
1102 1061 1439 1124 nusquam
1486 1061 1604 1106 eas
1649 1034 1887 1126 potui'’
1941 1040 2272 1105 invenire.
3013 1068 3044 1108 5

946 1130 1215 1195 Deinde
1274 1130 1590 1214 inprimis
1652 1130 1879 1194 dicere
1937 1129 2096 1194 volo
2115 1181 2128 1205 ‚
2190 1132 2452 1212 quanta
2511 1128 2976 1194 Karlomanni

730 1218 1062 1304 principis
1139 1218 1413 1283 devotio
1487 1219 1706 1283 fuerit
1781 1217 1963 1284 circa
2031 1217 2376 1282 Fuldense
2454 1219 2978 1282 monasterium.

730 1307 1172 1372 Rationabile
1220 1306 1475 1372 etenim
1506 1307 1783 1372 videtur
1829 1307 2118 1372 eandem
2161 1306 2596 1372 devotionem
2641 1307 2975 1371 intimare

730 1418 871 1461 non
934 1396 1157 1461 solum
1226 1396 1313 1460 ad
1376 1395 1794 1460 declaranda
1858 1396 2044 1460 tanti
2101 1395 2233 1458 viri
2305 1395 2668 1473 beneficia,
2731 1416 2978 1460 verum

731 1486 943 1550 etiam
990 1486 1079 1549 ad
1126 1485 1555 1570 profectumc
1611 1484 1912 1560 illorum,
1975 1483 2096 1567 qui
2141 1483 2472 1568 exemplis
2532 1484 2730 1548 bonis
2792 1485 2978 1548 aedi-
3017 1514 3063 1552 ιο

732 1574 922 1640 ficari
969 1579 1341 1652 merentur,
1401 1575 1796 1657 pariterque
1853 1573 1943 1638 ad
1991 1574 2468 1638 confusionem
2527 1593 2787 1648 eorum,
2851 1573 2978 1656 qui

732 1663 897 1729 licet
942 1664 1206 1748 optima
1250 1683 1559 1746 quaeque
1597 1663 1838 1738 sciant,
1871 1662 2175 1738 videant,
2209 1662 2520 1738 audiant,
2551 1662 2626 1725 in
2655 1663 2980 1744 nequitia

732 1756 966 1816 tamen
1013 1752 1219 1816 solita
1266 1755 1724 1836 perseverant,
1785 1746 1946 1816 ored
2001 1751 2484 1815 tantummodo
2533 1750 2760 1814 Deum
2817 1771 2978 1814 con·

732 1841 1027 1916 fitentes‚
1075 1840 1196 1906 sed
1240 1840 1448 1905 factis
1493 1834 1896 1924 negantes⁶‚
1947 1840 2258 1906 cordium
2287 1860 2488 1904 aures
2517 1840 2608 1903 ad
2639 1839 2978 1904 secularis

730 1930 916 1994 vitae
986 1949 1286 1993 amorem
1345 1933 1730 1994 reserantes
1748 1979 1762 2006 ‚
1833 1930 1955 1994 sed
2015 1929 2104 1992 ad
2169 1931 2496 2013 precepta
2554 1929 2791 1992 divina
2859 1929 2978 1992 ob·
3013 1955 3059 1996 ιε

733 2018 1133 2082 durantes0.
1224 2018 1553 2102 Princeps
1597 2018 1817 2101 igitur
1861 2018 2232 2102 predictus,
2292 2016 2603 2100 quamvis
2661 2018 2978 2099 undique

735 2107 1201 2170 adiacentium
1270 2106 1778 2191 provinciarum
1853 2106 2038 2172 bello
2113 2099 2749 2190 comprimereturf,
2829 2127 2979 2169 non

732 2198 969 2260 tamen
1014 2196 1171 2260 ideo
1218 2216 1261 2259 a
1306 2195 1791 2280 procuratione
1829 2198 2225 2260 sanctorum
2255 2196 2557 2259 locorum
2594 2215 2978 2258 servorum-

736 2304 868 2366 que
916 2283 1049 2349 Dei
1100 2284 1606 2362 retrahebatur,
1667 2285 1954 2350 credens
1999 2284 2261 2368 utique,
2319 2305 2509 2348 arma
2557 2283 2948 2368 spiritaliag
2959 2335 2974 2361 ‚

734 2373 809 2437 id
853 2377 961 2438 est
1004 2375 1297 2438 virtutes
1343 2374 1634 2449 animae,
1685 2373 1906 2437 multo
1951 2374 2246 2438 fortiora
2288 2393 2434 2438 esse
2481 2393 2688 2456 quam
2737 2393 2976 2456 corpo·
3011 2402 3060 2441 zo

734 2461 925 2536 ralia,
988 2462 1389 2544 nullamque
1449 2482 1640 2546 spem
1703 2462 1966 2527 habens
2023 2463 2099 2526 in
2157 2454 2652 2526 multitudineh
2709 2462 2976 2545 absque

476 2553 634 2622 rma,
650 2571 715 2615 ιο.
735 2545 1065 2634 spiritali¹
1108 2551 1387 2625 virtute,
1434 2552 1632 2616 iuxta
1660 2551 1871 2616 illud:
1909 2551 1987 2615 N
1979 2571 2062 2614 on
2089 2551 2379 2616 salvatur
2407 2569 2522 2615 rex
2553 2569 2678 2631 per
2705 2551 2979 2614 multam

732 2639 1043 2720 virtutem,
1076 2645 1137 2704 et
1158 2634 1389 2721 yiyask
1424 2659 1557 2703 mm
1591 2638 1947 2704 salvabitur
1973 2638 2050 2703 in
2079 2638 2479 2704 multitudine
2507 2637 2765 2703 virtutis
2793 2659 2976 2704 suae.

734 2728 1109 2812 Postquam
1155 2749 1318 2812 ergo
1364 2729 1598 2792 omnia
1643 2729 2060 2794 christianae
2105 2728 2459 2813 religionis
2518 2729 2690 2804 iura,
2754 2731 2836 2792 ut
2895 2729 2978 2792 in

735 2818 1263 2901 precedentibus
1323 2811 1520 2881 libril
1581 2817 1789 2881 huius
1848 2818 2122 2901 scriptis
2171 2818 2451 2901 agnosci
2509 2820 2760 2901 potest,
2821 2819 2978 2880 tam
3011 2845 3058 2885 πε

733 2906 947 2970 falsos
995 2907 1405 2971 christianos
1452 2927 1658 2989 quam
1705 2907 2046 2972 hereticos
2077 2906 2485 2990 expellendo
2515 2907 2712 2970 iuxta
2745 2907 2977 2970 sancti

734 2995 1075 3059 Bonifatii
1118 2994 1481 3059 consilium
1528 2996 1842 3073 correxit,
1889 2995 2079 3060 illius
2125 2995 2333 3060 etiam
2380 2999 2544 3060 vota
2601 2995 2679 3058 in
2741 3015 2977 3062 mona-

734 3085 945 3148 sterio
993 3084 1322 3148 Fuldensi
1366 3085 1638 3149 noviter
1684 3087 2083 3149 constructo
2127 3084 2462 3168 implevit.

483 3175 716 3272 ”sgf‘ffl‘
946 3190 1097 3268 (17).
1175 3190 1411 3253 Nam1
1457 3214 1629 3255 cum
1675 3196 1923 3254 abbas
1971 3196 2259 3254 Sturmim
2303 3197 2538 3254 illum
2583 3198 2815 3266 locum,
2863 3198 2974 3254 ubi

516 3300 904 3342 a.0.11.nunc
950 3286 1143 3343 situm
1190 3289 1289 3343 est
1333 3286 1541 3343 idem
1590 3287 2062 3356 monasterium,
2109 3303 2254 3343 cum
2285 3285 2588 3343 fratribus
2635 3287 2968 3361 quibus·
3005 3307 3050 3347 ³0

518 3374 911 3431 a.e.1o.dam
968 3375 1330 3432 incolere
1389 3376 1761 3450 cepisset
1819 3375 2348 3450 eiusdemque
2407 3376 2526 3432 loci
2595 3375 2972 3450 qualitatem

734 3467 1018 3520 sancto
1095 3462 1519 3521 Bonifatio
1597 3464 2102 3521 denuntians
2180 3465 2390 3520 satis
2458 3464 2970 3533 laudavisset,

516 3555 926 3609 ‚acastum
984 3553 1125 3609 ille
1185 3553 1268 3609 ad
1333 3552 1836 3610 Karlomannum
1895 3569 2250 3628 pergen8‚
2313 3553 2775 3628 suppliciter
2845 3553 2968 3610 ob·

733 3642 1095 3698 secravit
1149 3658 1357 3710 eum,
1421 3641 1735 3698 dicens:
1803 3638 2018 3698 ‘Pro¹¹
2071 3644 2388 3717 perpetua
2447 3642 2969 3699 remuneratione

731 3733 869 3787 tua
916 3730 1455 3805 omnipotentem
1498 3731 1722 3787 Deum
1779 3747 2052 3799 exoro,
2115 3732 2169 3788 si
2228 3730 2425 3788 mihi
2486 3747 3044 3788 succurrereas

734 3819 1141 3893 dignaris,
1187 3819 1388 3876 utin
1434 3819 1725 3876 orientali
1783 3819 2016 3894 regno⁰
2072 3823 2208 3876 tuo
2267 3820 2726 3877 monasterium
2791 3837 2968 3877 con-

732 3911 1052 3964 struere
1143 3909 1803 3983 monasticamque
1893 3909 2094 3965 vitam
2183 3909 2513 3967 instituere
2617 3911 2966 3982 possim.

943 4091 1045 4132 vn.
1103 4093 1206 4141 Cap.
1226 4093 1295 4134 16.
1324 4091 1391 4133 1⁹1.
1447 4093 1489 4132 1.
1518 4093 1589 4132 aa.
1609 4091 1648 4136 b.
1666 4104 1703 4135 c.

729 4181 775 4232 a)
802 4182 1078 4221 converterit
1105 4182 1167 4222 2ο.
1276 4180 1324 4233 b)
1350 4182 1444 4224 inv.
1470 4193 1517 4230 p.
1546 4181 1587 4220 1.
1699 4184 1740 4231 c)
1767 4187 2034 4232 provectum
2060 4182 2127 4224 sb.
2234 4181 2280 4231 d)
2316 4192 2396 4222 ore
2425 4204 2474 4211 —
2503 4187 2720 4229 negantes
2749 4193 2808 4222 m.
2840 4183 2897 4224 al.
2925 4183 2969 4220 in

728 4245 871 4284 mam.
900 4235 1044 4283 suppl.
1073 4234 1135 4276 2ο.
1248 4235 1291 4287 e)
1328 4235 1590 4274 obturantes
1617 4235 1684 4274 sb.
1807 4236 1841 4286 ί)
1880 4235 2198 4285 comprimetur
2227 4236 2294 4275 zb.
2404 4236 2448 4287 g)
2486 4235 2741 4285 spiritualia
2769 4237 2841 4276 211.
2866 4237 2904 4278 b.
2929 4247 2966 4276 c.

729 4288 779 4339 h)
806 4289 868 4326 ita
888 4289 961 4337 (1).
978 4289 1027 4337 83
1058 4289 1283 4328 exercitus
1303 4289 1406 4327 add.
1430 4289 1495 4332 2a.
1514 4289 1555 4330 b.
1576 4300 1613 4328 c.
1697 4289 1731 4336 i)
1757 4288 1982 4339 spirituali
1999 4289 2066 4332 20.
2085 4289 2125 4328 b.
2146 4300 2182 4332 c.
2262 4288 2310 4339 k)
2338 4299 2396 4337 ga
2421 4289 2469 4326 in
2496 4300 2586 4328 ras.
2620 4292 2657 4331 1.
2743 4289 2775 4338 1)
2805 4290 2854 4329 h.
2874 4291 2904 4328 1.
2927 4291 2964 4328 1.

728 4343 790 4390 m)
820 4340 973 4381 sturm
1000 4342 1080 4389 Σῦς
1108 4341 1275 4382 Strumi
1304 4343 1369 4382 20.
1479 4341 1531 4394 n)
1557 4352 1642 4381 om.
1673 4341 1740 4386 sb,
1847 4343 1889 4392 o)
1920 4353 1987 4382 or.
2017 4348 2149 4392 parte
2175 4343 2304 4392 reg-ni
2332 4342 2398 4382 tui
2425 4343 2492 4384 2⁶.

730 4483 786 4550 1)
814 4483 961 4535 Haec
995 4499 1063 4535 ex
1085 4483 1259 4550 Eiyili
1278 4485 1406 4536 Vita
1428 4483 1642 4536 Sturmi
1672 4501 1712 4540 c.
1740 4486 1918 4540 9—12
1953 4484 2072 4552 (SS.
2097 4485 2176 4552 II,
2204 4485 2309 4540 369
2332 4485 2437 4552 sq.)
2471 4484 2786 4553 deprompta
2821 4489 2960 4540 sunt.
