3167 5192
732 519 837 573 150
958 514 1200 571 VITAE
1235 512 1640 570 BONIFATII
1674 512 2035 570 AUCTORE
2072 513 2379 570 O'I'LOHO
2416 513 2654 571 LIBER
2685 512 2732 571 I.

381 692 385 699 ’
482 722 625 771 tpese.
646 720 713 765 56.
732 704 809 763 ad
853 704 956 763 hoc
998 704 1159 763 electi
1214 708 1366 773 sunt,
1426 703 1491 762 id
1545 708 1629 761 est
1671 721 1849 762 unum
1905 704 1993 761 vel
2049 702 2192 761 duos
2249 703 2540 777 episcopos
2596 722 2722 762 cum
2784 704 2979 778 capel·

732 793 887 852 lanis
931 792 1275 867 presbiteris
1318 792 1594 866 princeps
1647 810 1830 851 secum
1875 792 2098 861 habeat,
2158 796 2212 850 et
2255 793 2636 867 unusquisque
2667 795 2982 867 prefectus

728 900 905 941 unum
952 881 1358 955 presbiterum,
1405 881 1503 955 qui
1548 880 1869 940 hominibus
1913 885 2154 954 peccata
2211 880 2602 952 confitentibus
2655 881 2972 941 indicare⁸

719 971 1099 1047 penitentiam
1132 970 1341 1043 possit.
1435 969 1669 1029 Necnon
1713 974 1768 1028 et
1809 969 1948 1028 illas
1990 969 2314 1028 venationes
2358 974 2413 1027 et
2455 970 2752 1030 silvaticas
2795 989 2974 1045 vaya-

728 1059 910 1119 tiones
954 1077 1081 1118 cum
1124 1058 1359 1117 canibus
1402 1058 1662 1117 omnibus
1704 1059 1887 1117 servis
1931 1057 2047 1117 Dei
2093 1058 2525 1129 interdiximus,
2585 1064 2652 1118 et
2703 1064 2767 1118 ut
2821 1060 2974 1119 acci-
3021 1080 3055 1119 5

718 1148 913 1223 pitres
954 1152 1009 1206 et
1051 1135 1349 1207 valconesb
1406 1166 1519 1206 non
1562 1148 1823 1207 habeant.

943 1235 1317 1295 Decrevimus
1374 1254 1609 1311 quoque,
1668 1241 1733 1295 ut
1788 1236 2016 1295 iuxta
2073 1236 2440 1295 sanctorum⁰
2503 1254 2742 1296 canones
2799 1254 2976 1295 unus·

730 1326 966 1401 quisque
998 1324 1289 1399 presbiter
1330 1326 1395 1384 in
1430 1324 1753 1399 parrochia
1796 1324 2065 1384 habitans
2097 1325 2358 1399 episcopo
2371 1315 2402 1357 ‘¹
2437 1326 2715 1385 subiectus
2743 1326 2822 1385 sit
2850 1326 2974 1396 illi,

730 1416 797 1473 in
840 1415 1002 1473 cuius
1035 1414 1359 1488 parrochia
1401 1414 1644 1483 habitat,
1703 1418 1758 1472 et
1801 1431 2022 1488 semper
2065 1414 2129 1472 in
2188 1413 2630 1488 quadraqesima
2684 1415 2976 1473 rationem

731 1508 787 1562 et
830 1503 1088 1562 ordinem
1131 1502 1443 1562 ministerii
1486 1502 1617 1561 sui⁶
1657 1502 1776 1561 sive
1819 1502 1888 1561 de
1933 1503 2212 1575 baptismo
2257 1502 2378 1561 sive
2421 1503 2490 1591 de
2532 1502 2646 1575 fide
2689 1502 2976 1562 catholica
3019 1524 3082 1563 ιο

731 1593 851 1651 sive
894 1592 963 1651 de
996 1592 1268 1665 precibus
1310 1596 1365 1650 et
1410 1591 1611 1650 ordine
1653 1591 1963 1650 missarum
2007 1591 2268 1665 episcopo
2312 1592 2518 1650 reddat
2561 1596 2616 1650 et
2673 1592 2974 1664 ostendat;

732 1686 787 1741 et
853 1680 1311 1756 quandocumque
1375 1680 1503 1739 iure
1570 1680 1839 1739 canonico
1907 1681 2202 1754 episcopus
2247 1680 2496 1739 circueat
2511 1669 2537 1712 f
2612 1680 2690 1739 ad
2763 1680 2972 1753 confir-

730 1769 1014 1829 mandos⁸
1052 1770 1319 1843 populos,
1368 1769 1659 1842 presbiter
1701 1786 1922 1843 semper
1967 1774 2222 1843 paratus
2279 1769 2358 1828 sit
2415 1768 2494 1828 ad
2547 1769 2974 1844 suscipiendum

730 1859 1055 1933 episcopum
1099 1876 1224 1917 cum
1268 1858 1587 1917 collectione
1630 1862 1685 1916 et
1727 1846 2059 1917 adiutorioll
2085 1858 2316 1931 populi,
2362 1858 2462 1932 qui
2504 1858 2588 1917 ibi
2632 1858 2976 1931 confirmari

732 1948 909 2017 debet,
968 1952 1022 2005 et
1079 1947 1146 2005 in
1203 1965 1340 2029 cena
1383 1944 1628 2005 Domini
1672 1964 1892 2020 semper
1946 1965 2151 2005 novum
2209 1946 2424 2005 crisma
2491 1947 2839 2022 accipiat
2899 1947 2974 2035 ab
3019 1967 3076 2007 ιε

732 2036 1013 2110 episcopO,
1060 2040 1121 2095 et
1164 2039 1229 2093 ut
1273 2035 1566 2109 episcopus
1609 2036 1717 2093 sit
1764 2036 1922 2094 testis
1966 2035 2253 2094 castitatis
2297 2040 2352 2094 et
2392 2036 2546 2094 vitae
2589 2040 2643 2095 et
2686 2035 2822 2108 fidei
2867 2036 2960 2095 et¹

732 2125 1027 2184 doctrinae
1068 2124 1247 2183 illius.

949 2211 1288 2283 Statuimus,
1346 2219 1411 2273 ut
1467 2213 1770 2273 secundum
1827 2213 2158 2272 canonicam
2215 2214 2494 2273 cautelam
2553 2231 2741 2273 omnes
2799 2214 2972 2272 unde·

732 2320 966 2376 cumque
1007 2302 1287 2361 venientes
1328 2303 1549 2378 iynotos
1578 2303 1869 2376 episcopos
1896 2303 1985 2361 vel
2019 2302 2372 2375 presbiteros
2401 2307 2533 2361 ante
2565 2302 2974 2377 probatio-nem

732 2392 1062 2466 synodalem
1104 2392 1169 2449 in
1212 2391 1648 2471 ecclesiasticum
1691 2391 2076 2449 ministerium
2119 2410 2232 2451 non
2278 2390 2486 2450 admitt
2501 2396 2680 2451 antu
2693 2409 2746 2450 r.
3011 2409 3074 2448 20

946 2479 1337 2551 Decrevimus,
1382 2485 1448 2539 ut
1490 2480 1792 2539 secundum
1837 2498 2078 2539 canones
2119 2480 2500 2555 unusquisque
2556 2480 2852 2555 episcopus
2907 2480 2972 2539 in

732 2587 841 2628 sua
897 2569 1221 2644 parrochia
1294 2570 1735 2629 sollicitudinem
1806 2587 1842 2643 q
1858 2587 1886 2626 e
1899 2588 1934 2627 r
1948 2588 1986 2627 a
2001 2574 2056 2639 t,
2134 2569 2442 2628 adiuvante
2506 2569 2801 2644 yravione,
2869 2570 2972 2643 qui

733 2658 1002 2729 defensor
1043 2659 1304 2739 ecclesiae
1346 2658 1507 2716 eius
1550 2663 1653 2728 est,
1699 2647 1807 2716 utk
1838 2658 2090 2731 populus
2118 2657 2235 2717 Dei
2269 2659 2562 2733 paqanias
2597 2677 2713 2717 non
2758 2659 2970 2728 faciat,

732 2747 830 2806 sed
871 2735 970 2805 ut¹
1029 2764 1217 2806 omnes
1272 2747 1592 2821 spurcicias
1633 2747 1974 2821 qentilitatis
2017 2746 2234 2805 abiciat
2291 2748 2412 2805 sive
2467 2746 2762 2819 sacrificia
2819 2765 2970 2806 mor-
3156 2808 3159 2831 Ι

734 2841 960 2894 tuorum
1004 2854 1033 2895 s
1050 2856 1078 2895 e
1092 2855 1131 2894 u
1144 2836 1193 2866 ¹¹¹
1253 2836 1590 2909 sortileqos¹n
1654 2836 1742 2894 vel
1799 2835 2026 2894 divinos
2082 2836 2200 2894 sive
2257 2835 2544 2907 filacteria
2598 2840 2654 2894 et
2719 2836 2972 2910 auyuria
3009 2852 3070 2891 ιε
3156 2832 3159 2931 A

731 2924 851 2983 sive
892 2924 1309 2984 incantationes
1352 2925 1508 2983 sive⁰
1563 2924 1780 2983 hostias
1823 2924 2248 2994 immolaticias,
2314 2942 2456 2998 quas
2507 2924 2670 2983 stulti
2716 2925 2972 2983 homines
3157 2932 3159 2935 ⁴

732 3014 903 3072 iuoeta
946 3014 1205 3094 ecclesias
1249 3013 1371 3071 ritu
1407 3014 1683 3087 paqanoP
1739 3013 1967 3083 faciunt
2019 3014 2122 3071 sub
2167 3014 2392 3072 nomine
2435 3018 2764 3072 sanctorum
2813 3032 2969 3072 mar-

732 3106 927 3175 tyrum
983 3103 1071 3160 vel
1122 3104 1529 3173 confessorum,
1589 3101 1782 3160 Deum
1839 3107 1893 3160 et
1950 3107 2175 3161 sanctos
2233 3103 2406 3161 suosq
2467 3102 2546 3161 ad
2601 3102 2970 3161 iracundiam

718 3196 1100 3263 provocantes
1117 3185 1159 3249 ¹.

945 3278 1264 3338 Statuimus
1329 3280 1618 3349 similiter,
1686 3284 1751 3338 ut
1814 3284 1952 3353 post
2026 3279 2173 3339 hanc
2247 3280 2551 3354 synodum,
2630 3297 2773 3354 quae
2848 3280 2972 3350 fait
3005 3296 3066 3334 3⁰

728 3366 848 3426 XI.
896 3368 1039 3428 Kal.
1088 3368 1244 3427 Maii
1260 3368 1315 3438 Γ,
1374 3368 1634 3442 quisquis
1690 3385 1982 3427 servorum
2027 3368 2144 3427 Dei
2201 3370 2289 3427 vel
2351 3369 2698 3427 ancillarum
2748 3366 2970 3427 Christi

728 3457 795 3516 in
838 3457 1053 3516 crimen
1098 3457 1507 3528 fornicationis
1551 3458 1748 3530 lapsus
1779 3457 1981 3527 fuerit,
2012 3458 2078 3515 in
2107 3475 2332 3516 carcere
2367 3458 2747 3537 penitentiam
2778 3458 2972 3528 faciat

728 3546 793 3604 in
826 3564 983 3619 pane
1026 3551 1080 3605 et
1124 3564 1293 3620 aqua.
1371 3546 1455 3605 Εἰ
1497 3546 1551 3605 si
1597 3545 1900 3605 ordinatus
1933 3546 2226 3619 presbiter
2272 3547 2585 3616 fecerit,
2617 3546 2758 3604 duos
2787 3564 2971 3605 annos

728 3634 792 3693 in
838 3653 1062 3693 carcere
1095 3640 1457 3709 permaneat,
1504 3639 1674 3693 antea
1719 3635 2062 3709 J‘laqellatus.
2156 3633 2224 3693 Si
2283 3640 2471 3695 autem
2530 3635 2769 3694 clericus
2829 3637 2918 3694 vel
2931 3635 2957 3667 ⁸

941 3838 1045 3878 VII.
1102 3838 1207 3886 Gap.
1238 3838 1305 3877 36.
1371 3839 1411 3877 1.
1442 3839 1510 3877 2a.
1528 3838 1567 3877 b.
1589 3849 1625 3877 c.
3005 3840 3059 3881 3⁶

727 3926 773 3974 a)
799 3936 855 3970 m.
883 3927 945 3965 al.
977 3937 1090 3968 corr.
1117 3923 1318 3965 indicere
1348 3928 1463 3972 2a.c‚
1493 3930 1530 3964 et
1559 3926 1622 3964 ita
1650 3927 1716 3965 2b.
1827 3928 1873 3974 b)
1902 3927 1964 3965 ita
1991 3927 2034 3967 1.
2064 3927 2129 3968 2b.
2148 3938 2195 3973 c;
2222 3928 2418 3966 falcones
2447 3928 2516 3967 2a.
2621 3927 2661 3977 e)
2689 3932 2868 3967 sanctos
2896 3928 2965 3965 2b.

728 3976 776 4027 d)
810 3980 873 4017 ita
901 3981 947 4029 13
986 3980 1100 4021 subi.
1127 3980 1185 4017 sit
1212 3980 1279 4017 illi
1309 3990 1379 4028 ep.
1411 3981 1505 4022 rell.
1668 3981 1709 4031 e)
1749 3991 1873 4018 versu
1901 3991 1967 4019 ex.
2000 3984 2156 4027 postea
2186 3980 2330 4029 suppl.
2362 3982 2430 4023 2a.
2592 3980 2628 4030 f)
2664 3991 2721 4019 m.
2758 3981 2819 4019 al.
2849 3992 2964 4021 corr.

727 4032 971 4072 circumeat
998 4033 1068 4082 20,
1096 4037 1135 4071 et
1162 4034 1225 4071 ita
1242 4033 1383 4081 Epist.
1495 4033 1538 4083 g)
1566 4031 1921 4073 confirmandum
1951 4034 1990 4083 1,
2019 4044 2132 4075 corr.
2241 4035 2288 4081 h)
2316 4034 2436 4083 (pop.
2464 4034 2695 4084 super-scr.)
2725 4035 2868 4076 adiut.
2898 4035 2963 4073 2⁶.

725 4087 759 4133 i)
786 4087 820 4126 1.
850 4086 1143 4134 doetrineque
1171 4086 1234 4127 2b.
1369 4086 1417 4133 k)
1445 4097 1520 4135 ne,
1551 4098 1636 4126 om.
1667 4098 1759 4126 non
1787 4087 1853 4129 2b.
1988 4085 2021 4137 1)
2057 4087 2120 4125 ita
2149 4088 2196 4136 13
2228 4097 2310 4128 om.
2339 4088 2435 4126 rell.
2573 4088 2633 4137 m)
2667 4088 2762 4126 sive
2790 4088 2843 4125 22>
2871 4098 2968 4125 eum

725 4140 867 4188 Epist.
1005 4140 1052 4189 n)
1088 4141 1151 4177 ita
1186 4140 1373 4186 fortasse
1400 4151 1477 4187 pr.
1507 4150 1564 4179 m.
1597 4141 1621 4179 1
1653 4151 1746 4179 cum
1783 4140 1951 4188 Effert„-
1989 4140 2226 4187 sortilogos
2263 4141 2356 4181 rell.
2491 4140 2535 4191 ο)
2571 4141 2636 4178 ita
2665 4141 2711 4190 1;
2757 4141 2830 4179 vel
2866 4141 2966 4179 rell.
3003 4143 3058 4183 40

726 4193 773 4243 p)
814 4202 1093 4241 paganorum
1121 4193 1187 4235 222.
1320 4194 1367 4242 q)
1408 4193 1504 4232 eius
1532 4193 1599 4234 212.
1735 4193 1776 4243 r)
1817 4194 1908 4232 Mai
1936 4194 2002 4236 Σὺ.
2127 4196 2166 4240 ο)
2207 4194 2282 4233 vel
2309 4204 2427 4233 mon.
2457 4194 2622 4243 desunt,
2663 4204 2699 4232 c.
2731 4194 2782 4234 10
2809 4194 2970 4232 litteris

726 4247 879 4296 erasis,
910 4248 963 4285 2a
992 4248 1167 4294 (adeunt
1195 4245 1479 4297 2a1.¹*.1**);
1518 4247 1824 4286 tantummodo
1845 4257 1934 4294 pro
1963 4246 2036 4286 vel
2064 4257 2123 4288 m.
2155 4246 2242 4286 211⁹.

727 4424 780 4489 1)
830 4422 986 4476 Otloh
1020 4425 1357 4476 enuntiatum
1392 4425 1668 4491 insequens
1706 4422 1839 4493 (sive
1875 4423 1997 4476 illos
2035 4422 2325 4494 sacrilegos
2373 4422 2528 4493 ignes
2565 4452 2634 4461 —
2671 4420 2972 4492 diligenter

722 4493 1074 4564 prohibeant)
1104 4497 1486 4561 praetermisit.
