3167 5192
462 521 704 578 VITAE
739 522 1144 579 BONIFATII
1178 521 1540 579 AUCTORE
1575 520 1885 577 OTLOHO
1921 519 2159 575 LIBER
2180 518 2263 577 11.
2382 523 2483 577 191

335 706 537 785 (10).⁸²
611 700 1490 773 ΒΕῑΤΙιἿὶἲΕΝΤΙΗΕΙΜΟι’·1
1535 709 1876 770 FRATRI
1920 708 2396 769 BONIF'AOIO
2504 729 2729 778 eptam.

1117 798 1619 861 ZAGHARIAS.

466 924 738 1025 Leqimus
779 926 840 984 in
879 926 1026 985 libro
1055 932 1284 985 actuum
1313 926 1721 1001 apostolorum,
1755 923 2041 999 Spiritum
2070 927 2325 982 sanctum
2355 940 2486 997 apo-

239 1013 417 1073 stolis
450 1014 802 1089 precepisse.-
849 1015 1148 1091 Separate
1177 1016 1335 1073 mihi
1355 1013 1732 1073 Bamaban⁰
1767 1018 1832 1072 et
1861 1014 2178 1071 Paulum
2161 1031 2228 1069 m
2258 1000 2487 1087 opusd,

163 1118 200 1157 5
242 1104 425 1179 quod
483 1120 777 1180 assumps
796 1105 818 1161 i
879 1121 1004 1163 eos.
1111 1102 1383 1163 Horum⁰
1439 1108 1494 1163 et
1547 1102 1701 1162 beati
1755 1102 2049 1177 principis
2105 1102 2491 1175 apostolorum

244 1192 424 1250 Petri
481 1192 828 1252 inluminata
849 1212 906 1251 m
966 1193 1243 1252 doctrinis
1298 1211 1372 1252 ex
1415 1192 1793 1267 inspiratione
1838 1190 2039 1250 divina
2083 1195 2242 1249 tuam
2287 1188 2489 1248 sancti-

245 1285 518 1339 tatem
582 1281 646 1339 in
701 1286 950 1356 partes
1011 1281 1532 1341 Germaniae
1600 1280 1884 1340 credimus
1940 1280 2310 1347 destinatam,
2380 1267 2484 1336 ut‘¹

246 1369 445 1428 instar
490 1388 684 1429 eorum
728 1370 879 1429 idem
925 1360 1226 1445 Spiritusf
1278 1375 1507 1430 sanctus
1562 1370 1627 1428 in
1685 1370 1873 1428 eodem
1931 1387 2095 1443 opere
2140 1373 2193 1427 te
2238 1385 2491 1441 assump-

249 1459 402 1517 serit
436 1459 515 1517 ad
555 1459 1045 1518 inluminationem
1072 1460 1340 1533 yentium.
1427 1458 1584 1519 Unde
1620 1458 1837 1518 nimisg
1872 1459 2199 1516 exultamus
2225 1456 2290 1515 in
2317 1443 2487 1515 Deoh

147 1562 210 1603 10
253 1552 313 1606 et
380 1548 503 1606 eius
559 1567 607 1622 p
630 1548 654 1605 i
677 1568 706 1606 e
729 1553 753 1607 t
773 1567 812 1607 a
834 1553 858 1607 t
878 1536 937 1607 i¹
995 1549 1283 1608 inmensas
1349 1548 1662 1619 referimus
1731 1547 1945 1606 laudes
2039 1547 2201 1605 Dum
2262 1562 2397 1603 vero
2442 1550 2496 1603 et

255 1636 438 1695 series
485 1636 620 1696 lite
636 1656 670 1695 r
685 1656 772 1695 ar
785 1656 823 1695 u
838 1657 895 1711 m
942 1642 1173 1696 tuarum
1218 1637 1378 1696 nobis
1410 1636 1771 1711 panderetur
1804 1655 1919 1711 per
1963 1635 2208 1709 sinqula,
2270 1622 2489 1692 multok

257 1725 515 1799 amplius
573 1726 773 1785 laetati
817 1745 1014 1785 sumus
1069 1727 1133 1785 in
1176 1726 1448 1794 Domine,
1518 1725 1620 1801 qui
1686 1725 1793 1784 tibi
1860 1743 2025 1784 suam
2091 1724 2343 1797 qratiam
2409 1722 2498 1781 ita

259 1814 477 1887 largiri
505 1814 772 1889 diynatus
802 1819 902 1884 est,
935 1820 1002 1874 ut
1028 1804 1243 1874 durae¹
1286 1814 1466 1889 yentis
1496 1813 1671 1873 corda
1702 1813 1951 1873 liniresm
1982 1817 2050 1871 et
2078 1812 2304 1871 obedien
2319 1811 2375 1869 ti
2388 1830 2427 1870 a
2440 1830 2497 1869 m

261 1922 290 1962 s
313 1922 353 1961 a
376 1922 406 1961 c
428 1923 462 1962 r
485 1922 521 1961 a
545 1922 574 1962 e
617 1903 754 1976 fidei
797 1903 1079 1963 inclinare
1099 1923 1147 1964 s.

157 2008 220 2047 15
478 1991 761 2051 Indicasti
818 1993 1060 2052 etenim¹1
1109 1993 1288 2063 nobis,
1351 1992 1625 2068 quomodo
1672 1991 1942 2065 tetiyisset
1977 1991 2141 2050 Deus
2186 1989 2361 2047 corda
2404 2006 2497 2046 eoc-

263 2081 790 2140 cellentissimorum
848 2081 1106 2153 filiorum
1159 2087 1490 2141 nostrorum
1534 2079 1817 2155 Pippini⁰
1872 2084 1927 2138 et
1967 2077 2377 2146 Karlomanni,
2438 2081 2505 2135 ut

264 2170 372 2228 tibi
438 2170 501 2228 in
555 2170 950 2271 predicatione
1016 2171 1346 2230 adiutoresl’
1413 2188 1530 2229 esse
1585 2170 1923 2238 niterentur,
1993 2186 2235 2244 quorum
2291 2184 2503 2225 merces

265 2258 495 2333 copiosa
536 2264 728 2318 manet
767 2260 830 2318 in
874 2260 1064 2319 caelis.

481 2348 574 2406 De
618 2348 896 2423 episcopis
937 2367 1071 2407 vero
1129 2316 1651 2423 metropolitanis‘l,
1720 2347 1784 2405 id
1850 2351 1935 2405 est
1979 2345 2271 2413 Grimone,
2340 2362 2504 2418 quem

163 2452 230 2491 20
266 2454 372 2495 nos
414 2436 534 2495 iam
580 2442 924 2512 compertum
967 2438 1253 2507 habemus,
1300 2438 1443 2496 Abel
1487 2455 1577 2512 qu
1592 2455 1670 2511 oq
1684 2455 1725 2494 u
1741 2455 1769 2494 e
1822 2441 1891 2494 et
1930 2433 2317 2501 Hartbertor,
2366 2450 2505 2507 quos

256 2544 375 2599 per
419 2544 870 2600 unamquamque
935 2527 1294 2601 metropolim
1361 2525 1721 2594 constituisti,
1791 2525 1891 2583 hos
1947 2541 2061 2598 per
2129 2527 2287 2581 tuum
2355 2521 2503 2579 testi-

267 2614 522 2673 monium
568 2614 970 2687 confirmamus
1013 2620 1068 2674 et
1099 2615 1294 2690 pallia
1339 2615 1418 2674 ad
1460 2633 1655 2673 eorum
1690 2612 2086 2684 firmissimam
2114 2609 2502 2678 stabilitatem,

269 2708 339 2761 ut
397 2703 458 2761 in
515 2704 742 2762 meliori
796 2703 1115 2779 proficiant
1179 2709 1352 2773 statu,
1423 2708 1501 2762 tr
1525 2701 2146 2771 ansmittimus.
2245 2698 2507 2776 Qualiter

272 2811 312 2849 a
327 2811 366 2849 u
383 2796 514 2851 tem
559 2811 680 2851 mos
713 2794 896 2867 pallii
940 2794 1035 2863 sit,
1081 2795 1170 2852 vel
1213 2792 1488 2867 quomodo
1530 2791 1701 2863 fidem
1745 2810 1911 2850 suam
1955 2807 2233 2863 exponere
2273 2788 2508 2846 debeant

172 2895 233 2935 25
271 2881 353 2949 hi,
402 2882 501 2955 qui
534 2882 726 2955 pallio
766 2882 852 2941 uti
891 2883 1286 2951 conceduntur,
1335 2880 1654 2940 literis
1697 2879 1981 2939 directis
2025 2878 2503 2944 docuimus,

270 2970 656 3041 informantes
699 2989 808 3040 eos,
858 2976 924 3030 ut
965 2972 1166 3040 sciant,
1213 2970 1388 3044 quid³
1445 2970 1524 3029 sit
1563 2968 1748 3044 pallii
1790 2987 1949 3038 usus,
1996 2973 2051 3025 et
2106 2985 2141 3041 q
2164 2986 2204 3025 u
2227 2986 2265 3025 a
2288 2968 2309 3025 l
2332 2966 2356 3024 i
2380 2970 2451 3023 te
2473 2985 2508 3023 r

273 3058 314 3116 d
336 3077 365 3117 e
390 3060 421 3117 b
444 3078 474 3117 e
495 3078 534 3117 a
554 3064 642 3117 nt
718 3060 980 3120 subiectis
1057 3061 1216 3119 viam
1230 3052 1251 3091 t
1315 3060 1625 3134 predicare
1699 3058 1935 3128 salutis,
2011 3061 2066 3115 et
2132 3055 2509 3137 ecclesiastiea

273 3147 584 3222 disciplina
628 3149 690 3207 in
733 3167 928 3208 eorum
985 3149 1233 3230 ecclesiis
1297 3150 1631 3207 inconcussa
1697 3152 1927 3207 maneat
1990 3151 2045 3205 et
2107 3144 2504 3211 sacerdotium,

274 3236 424 3309 quod
467 3236 530 3295 in
573 3237 656 3297 eis
699 3256 728 3295 e
750 3256 780 3296 s
803 3243 855 3307 t,
924 3257 1037 3297 non
1091 3239 1399 3313 pollutum,
1469 3242 1536 3297 ut
1590 3242 1757 3297 antea
1802 3236 1939 3307 fuit,
1999 3234 2098 3294 sed
2140 3233 2413 3292 mundum
2458 3237 2513 3291 et

177 3339 241 3379 30
275 3330 563 3399 acceptum
606 3327 732 3385 Deo
777 3345 893 3386 esse
926 3328 1133 3402 possit.

489 3415 765 3475 Retulisti
808 3416 980 3475 etiam
1022 3416 1202 3485 nobis,
1262 3416 1568 3475 karissime
1614 3417 1825 3486 frater,
1886 3412 2036 3488 quod
2079 3412 2221 3471 duos
2266 3410 2507 3485 pseudo-

267 3503 585 3577 prophetas
627 3504 690 3562 in
741 3505 1098 3564 Francorum
1133 3505 1442 3579 provincia
1486 3504 1853 3579 repperisses,
1914 3519 2053 3576 quos
2109 3520 2220 3559 non
2266 3498 2507 3573 pseudo-

266 3592 602 3665 prophetas,
670 3593 768 3652 sed
833 3594 1060 3668 mayisu
1100 3593 1664 3668 pseudochristianos
1730 3592 2025 3666 appellare
2090 3590 2367 3657 debemus,
2437 3605 2511 3645 ex

278 3680 483 3754 quibus
538 3700 714 3740 unum
771 3683 1038 3756 quidemv
1073 3701 1280 3741 novum
1325 3680 1658 3741 SimonemW
1697 3681 1868 3740 iuxta
1926 3685 2170 3738 tenorem
2228 3676 2503 3736 tuarum¹

179 3782 242 3823 ³5
279 3769 443 3828 lite
465 3790 500 3828 r
524 3789 560 3829 a
582 3790 619 3829 r
640 3789 680 3829 u
701 3791 760 3829 m
825 3772 1200 3847 repperimus.
1301 3771 1414 3849 Qui
1471 3770 1584 3831 sibi
1642 3774 1697 3829 et
1750 3768 2129 3829 sacerdotium
2178 3766 2515 3825 vendicabat

494 3973 594 4013 v11.
651 3975 756 4025 cap.
788 3975 853 4015 10.
919 3977 957 4014 1.
989 3975 1030 4015 ³.

281 4062 326 4114 a)
357 4073 393 4101 c.
424 4063 490 4105 10.
521 4064 675 4102 habent
703 4065 744 4104 1.
775 4065 822 4115 33
853 4075 937 4105 om.
967 4064 1064 4103 re.ll
1192 4064 1239 4115 b)
1268 4061 1647 4103 reverendissimo
1676 4063 1716 4101 3.
1854 4062 1896 4113 c)
1924 4060 2178 4104 Barnabam
2206 4060 2245 4102 8.
2380 4057 2426 4110 d)
2454 4058 2513 4097 ad

281 4116 384 4156 aad.
416 4117 456 4159 3.
561 4118 602 4166 e)
631 4118 794 4160 11003.
865 4117 1144 4211 ‘'Pam-metus
1173 4117 1250 4167 Sp.
1283 4119 1321 4157 1.
1430 4117 1529 4168 g)e
1505 4116 1644 4157 exult.
1675 4128 1721 4155 n.
1752 4118 1791 4156 1.
1902 4115 1950 4166 h)
1978 4115 2168 4154 Domino
2188 4114 2226 4154 3.
2337 4113 2369 4163 i)
2398 4112 2512 4161 peti-

282 4170 394 4209 tioni
421 4170 460 4213 8.
567 4170 614 4220 k)
643 4171 786 4210 multa
805 4173 844 4219 1,
913 4182 979 4211 rr.
1088 4171 1120 4223 1)
1150 4172 1262 4210 dura
1279 4172 1320 4211 8.
1431 4171 1491 4219 ιιι)
1520 4170 1563 4209 le
1565 4171 1685 4209 uires
1704 4170 1743 4213 3.
1849 4168 1895 4220 n)
1925 4169 2063 4209 etiam
2081 4168 2118 4209 3.
2226 4166 2269 4217 o)
2298 4165 2451 4215 Pipini
2469 4166 2509 4205 3.

183 4222 248 4261 40
282 4222 330 4275 p)
359 4224 563 4263 auditore
565 4226 654 4265 ³.ss
791 4183 890 4275 (ὗε,
921 4225 1060 4264 nstitu
1061 4225 1100 4264 is
1102 4225 1136 4263 ti
1161 4225 1264 4264 add.
1294 4224 1334 4265 8.
1463 4224 1503 4275 ι·)
1531 4224 1603 4263 Ha
1604 4224 1801 4263 rieberto
1830 4223 1871 4262 3.
2006 4224 2045 4270 s)
2072 4221 2172 4269 quis
2201 4220 2241 4259 3.
2378 4219 2412 4270 t)
2440 4230 2511 4268 pr.

283 4276 403 4315 viam
443 4278 480 4319 3.
641 4276 690 4329 ιι)
729 4289 786 4321 m.
812 4288 1010 4318 εοσενα
1011 4290 1140 4317 nma
1139 4289 1206 4327 rm
1235 4278 1378 4327 suppl.
1419 4279 1460 4322 1.
1616 4277 1663 4328 v)
1703 4287 1749 4316 n.
1781 4286 1855 4325 qu.
1895 4276 1934 4317 8.
2100 4276 2159 4325 w)
2201 4272 2443 4325 Symonem
2470 4273 2511 4312 1.

282 4328 332 4381 x)
359 4330 426 4369 lit.
457 4335 489 4371 t.
520 4330 560 4371 3.

285 4506 339 4575 1)
372 4506 530 4575 Jaffe
558 4525 612 4565 n.
637 4510 709 4565 48
744 4508 820 4579 (p.
847 4512 979 4577 131)
992 4525 1016 4574 ,·
1050 4510 1333 4563 Dammzer
1366 4525 1422 4561 n.
1455 4511 1524 4565 57
1561 4510 1643 4575 (p.
1677 4508 1825 4573 313).
