3167 5192
477 508 720 565 VITAE
753 508 1160 565 BONIFATII
1195 508 1556 566 AUCTORE
1592 509 1899 566 OTLOHO
1934 508 2171 565 LIBER
2193 510 2273 567 Π.
2397 515 2497 568 171

261 698 599 757 catholicam
633 697 820 771 fidem.
900 697 1062 757 Unus
1104 698 1204 772 qui
1248 698 1463 757 dicitur
1490 698 1857 758 Aldebertus
1898 699 2127 759 natione
2160 698 2369 759 Gallus
2398 705 2497 769 est,
2519 718 2658 766 Ερεει.
2674 718 2744 758 50.

263 788 412 847 alter
442 788 542 861 qui
586 787 801 846 dicitur
834 785 1088 845 Clemens
1131 806 1330 861 qenere
1359 785 1582 846 Scottus
1612 793 1711 856 est,
1744 788 1925 861 specie
1954 788 2246 862 quidem
2264 786 2502 848 'erroris

262 875 498 945 diversi,
547 877 644 935 sed
678 876 932 950 pondere
967 880 1331 949 peccatorum
1376 894 1686 950 compares.
1785 874 2001 935 Contra
2057 877 2216 946 istos,
2278 878 2501 937 obsecro

261 964 675 1039 apostolicam⁸
728 964 1123 1023 auctoritatem
1180 970 1448 1035 vestram,
1510 970 1591 1024 ut
1632 984 1689 1023 m
1702 984 1732 1024 e
1776 966 2080 1036 defendere
2124 971 2180 1025 et
2221 965 2502 1025 adiuvare

188 1072 220 1110 ε
261 1058 316 1112 et
349 1055 634 1128 populum
677 1053 1044 1112 Francorum
1089 1058 1144 1111 et
1190 1052 1496 1113 Gallorum
1529 1073 1645 1128 per
1689 1054 1909 1128 scripta
1966 1060 2158 1114 vestra
2216 1056 2501 1130 corriqere

259 1142 557 1211 studeatis,
604 1162 644 1201 n
661 1162 690 1201 e
733 1142 1108 1201 hereticorum
1154 1144 1390 1214 fabulas
1433 1147 1488 1201 et
1529 1162 1684 1201 vana
1717 1143 1996 1218 prodiqia
2032 1161 2071 1202 a
2084 1162 2113 1202 c
2158 1143 2325 1219 siqna
2365 1163 2499 1218 pre-

261 1232 518 1291 cursoris
563 1231 888 1290 antichristi
932 1236 1086 1289 secte
1099 1236 1254 1300 ntur,
1301 1232 1400 1291 sed
1444 1233 1522 1291 ad
1574 1232 1848 1291 canonica
1904 1232 2043 1291 iura
2098 1236 2154 1291 et
2209 1233 2287 1291 ad
2344 1233 2501 1291 viam

257 1339 432 1379 verae
491 1320 784 1379 doctrinae
842 1325 1260 1379 convertantur.
1365 1310 1487 1379 Etb
1541 1326 1609 1379 ut
1653 1340 1767 1395 per
1822 1322 2055 1379 verbum
2099 1327 2349 1380 vestrum
2401 1321 2501 1380 isti

257 1409 375 1468 duo
418 1408 650 1468 heretici
693 1409 998 1467 mittantur
1055 1410 1118 1467 in
1177 1427 1479 1478 carcerem,
1541 1411 1783 1484 nullusq
1797 1429 1836 1468 u
1850 1429 1879 1469 e
1936 1428 2061 1469 cum
2120 1411 2202 1469 eis
2260 1428 2497 1469 commu-

161 1516 224 1553 ιο
256 1498 488 1557 nionem
531 1498 751 1567 habeat,
797 1516 868 1556 ne
915 1499 1085 1569 forte,
1134 1499 1413 1568 fermento
1449 1498 1743 1558 doctrinae
1786 1497 2058 1557 illorum⁶
2101 1500 2496 1569 fermentatuS,

259 1587 478 1661 aliquis
526 1591 734 1661 pereat
743 1610 764 1659 ;
823 1587 923 1645 sed
977 1587 1258 1661 seqreqati
1313 1588 1516 1647 vivant
1579 1592 1635 1645 et
1698 1588 1869 1646 iuoeta
1933 1578 2189 1647 dictumd
2254 1588 2499 1662 apostoli

261 1676 470 1735 traditi
513 1680 751 1735 satanae
796 1675 858 1734 in
902 1676 1198 1735 interitum
1243 1676 1456 1745 carnis,
1504 1682 1571 1735 ut
1612 1676 1856 1751 spiritus
1900 1678 2096 1735 salvus
2152 1677 2232 1735 sit
2285 1678 2349 1735 in
2407 1678 2498 1736 die

259 1762 525 1833 Domini,
572 1770 627 1823 et
676 1766 742 1824 si
797 1764 1087 1846 ecclesiam
1145 1784 1257 1824 non
1315 1765 1651 1834 audierint,
1712 1765 1833 1825 sint
1885 1765 2047 1824 nobis
2102 1766 2272 1824 iuxta
2329 1784 2499 1846 euan-

257 1854 502 1928 9elicum
535 1858 868 1927 preceptum
911 1854 1060 1912 sicut
1101 1854 1307 1912 ethnici
1352 1859 1407 1912 et
1438 1854 1758 1928 publicani.
1837 1855 2089 1928 Propter
2131 1854 2309 1913 istos⁸
2348 1855 2498 1913 eni-m

161 1960 221 1999 15
248 1943 671 2016 persecutiones
723 1947 778 2001 et
832 1942 1169 2001 inimicitias
1185 1931 1210 1973 ¹⁹
1263 1947 1318 2002 et
1371 1944 1792 2003 maledictiones
1834 1944 2143 2002 multorum
2176 1944 2399 2017 patior,
2446 1949 2501 2001 et

259 2032 498 2112 ecclesia
546 2029 763 2091 Christi
807 2031 1268 2105 impedimentum
1310 2030 1447 2104 fidei
1491 2036 1546 2091 et
1586 2032 1879 2105 doctrinae
1923 2036 2109 2091 rectae
2152 2033 2404 2091 sustinet.
2440 2034 2445 2038 ’

476 2119 700 2179 Dicunt
754 2120 904 2179 enim
962 2121 1030 2179 de
1073 2119 1445 2189 Aldebertoss,
1506 2122 1655 2195 quod
1714 2109 1837 2180 eish
1888 2121 2306 2180 sanctissimum
2365 2140 2500 2195 apo--

258 2210 469 2268 stolum
513 2209 702 2269 abstul
715 2228 744 2267 e
758 2229 793 2267 r
806 2210 831 2268 i
845 2228 931 2277 m,
969 2214 1285 2283 patronum
1329 2214 1384 2268 et
1425 2215 1712 2269 oratorem
1755 2210 2033 2269 virtutum
2046 2228 2081 2283 q
2094 2228 2175 2269 ue
2221 2212 2501 2281 factorem

261 2286 349 2357 eti
394 2298 688 2373 siqnorum
733 2303 1072 2357 ostensorem
1101 2299 1563 2357 abstraoeerim.
1646 2297 1759 2357 Sed
1792 2299 1987 2373 pietas
2016 2303 2226 2367 vestra,
2260 2300 2500 2357 audiens

165 2406 224 2443 20
261 2387 444 2445 vitam
487 2387 627 2456 eius,
673 2387 885 2445 iudicet
926 2406 1000 2445 εει·
1045 2389 1261 2457 fructu,
1308 2377 1570 2457 utrumk,
1619 2388 1965 2447 vestimentis
2008 2388 2199 2446 ovium
2241 2388 2497 2456 indutus,

265 2476 420 2534 intus
464 2476 633 2549 lupus
682 2494 882 2549 rapax
939 2465 1208 2546 fueritl
1268 2494 1476 2535 annon.
1571 2476 1647 2535 In
1689 2477 1959 2550 primeva
2016 2476 2261 2550 iqitur
2318 2482 2499 2535 aetate

263 2565 528 2638 ypocrita
573 2565 712 2636 fuit,
759 2564 969 2634 dicens,
1016 2566 1163 2638 quod
1207 2565 1318 2623 sibi
1363 2566 1596 2640 anqelus
1638 2564 1881 2624 Domini
1924 2565 1987 2623 in
2030 2565 2211 2639 specie
2253 2566 2499 2624 hominis

265 2654 334 2711 de
392 2654 663 2713 eoetremis
718 2652 929 2726 finibus
985 2654 1187 2712 mundi
1243 2654 1428 2712 mirae
1494 2658 1548 2713 et
1617 2659 1805 2712 tamen
1862 2655 2111 2712 incertae
2176 2654 2499 2712 sanctitatis

264 2742 544 2817 reliquias
586 2742 899 2801 attulerit
940 2747 995 2801 et
1037 2742 1241 2801 exinde
1275 2743 1586 2817 potuerit
1630 2744 1841 2811 omnia,
1896 2760 2271 2817 quaecumque
2320 2760 2495 2816 popo-

169 2848 226 2887 25
265 2832 496 2900 scerit,
545 2850 584 2889 a
612 2830 739 2891 Deo
769 2831 1096 2905 impetrare.
1175 2832 1250 2889 H
1257 2850 1339 2890 ac
1384 2850 1554 2907 erqo
1600 2831 2003 2900 simulatione,
2036 2832 2182 2890 sicut
2211 2833 2499 2905 apostolus

265 2921 490 2979 Paulus
537 2920 824 2994 predixit,
874 2921 1252 2994 penetravitm
1296 2922 1607 2980 multorum
1663 2920 1858 2980 domos
1900 2925 1955 2979 et
2014 2921 2273 2994 captivas
2330 2920 2502 2979 duoeit

256 3009 434 3081 post¹²
497 3028 556 3068 se
621 3010 989 3067 mulierculas
1047 3014 1314 3068 oneratas
1362 3010 1617 3084 peccatis
1632 3056 1648 3078 ,
1710 3028 1853 3083 quae
1910 3008 2257 3069 ducebantur
2310 3010 2499 3067 variis

265 3097 584 3167 desideriis,
632 3103 687 3156 et
727 3098 1146 3157 multitudinem
1189 3099 1534 3157 rusticorum
1592 3098 1914 3167 dicentium,
1976 3098 2124 3172 quod
2180 3099 2302 3172 ipse
2360 3103 2500 3157 esset

263 3186 362 3244 vir
405 3187 746 3261 apostolicae
774 3187 1113 3246 sanctitatis.
1194 3188 1298 3245 Pr
1311 3191 1416 3246 ete
1429 3205 1465 3245 r
1478 3207 1507 3246 e
1521 3206 1560 3246 a
1602 3182 1875 3246 conduoeit
1904 3188 2193 3261 episcopos
2221 3188 2493 3255 indoctos,

171 3292 228 3343 ες)
264 3275 365 3349 qui
409 3294 468 3334 se
511 3281 712 3335 contra
756 3281 1032 3350 precepta
1083 3294 1361 3335 canonum
1421 3277 1671 3335 absolute
1729 3277 1987 3335 ordinav
2001 3281 2197 3335 erunt.
2300 3276 2401 3334 Un
2416 3276 2455 3334 d
2468 3295 2497 3333 e

262 3364 326 3423 in
373 3369 592 3423 tantam
635 3366 962 3439 superbiam
1007 3365 1191 3424 elatus
1234 3370 1335 3433 est,
1367 3369 1432 3423 ut
1459 3384 1518 3424 se
1547 3365 1946 3439 aequiperaret
1972 3366 2245 3438 apostolis
2279 3363 2497 3423 Christi

261 3457 335 3521 et,
383 3453 626 3527 dediqua
640 3458 756 3513 tus
799 3454 864 3512 in
908 3453 1154 3513 alicuius
1197 3455 1583 3528 apostolorum
1618 3454 1707 3512 vel
1741 3458 2063 3527 martyrum
2098 3453 2307 3512 honore
2335 3454 2494 3532 eccle·

261 3542 414 3600 siam
459 3560 803 3611 consecrare,
851 3543 915 3601 in
962 3542 1212 3616 proprio
1256 3544 1466 3602 honore
1524 3542 1851 3601 dedicaret
1912 3542 2212 3601 oratoria⁰
2266 3544 2372 3609 vel,
2433 3547 2497 3600 ut

262 3630 458 3689 verius
514 3631 720 3701 dicam,
791 3632 1187 3700 sordidaret,
1259 3632 1350 3689 ad
1405 3632 1582 3690 haec
1641 3631 1867 3689 etiam
1928 3630 2493 3705 improperans,

169 3736 225 3777 ³5
263 3737 392 3778 cur
434 3720 742 3779 voluissent
798 3721 1050 3780 homines
1105 3720 1282 3779 visita
1296 3738 1374 3778 re
1427 3721 1635 3779 lim-ina
1698 3724 2024 3779 sanctorum
2090 3720 2492 3794 apostolorum.

262 3808 431 3867 Fecit
471 3827 500 3868 e
515 3808 538 3866 i
551 3827 583 3867 s
629 3809 945 3868 cruciculas
988 3814 1042 3868 et
1087 3809 1406 3869 oratoriola
1449 3810 1512 3868 in
1557 3809 1777 3883 campis
1820 3814 1876 3867 et
1916 3809 1995 3867 ad
2025 3810 2228 3880 fontes,
2261 3809 2350 3868 vel
2378 3808 2494 3866 ubi-

263 3915 496 3971 cumque
551 3897 702 3956 sibil'
755 3897 920 3957 vide
938 3899 970 3956 b
989 3916 1028 3956 a
1047 3901 1206 3967 tur,
1273 3902 1328 3957 et
1368 3898 1540 3957 iussit
1583 3898 1666 3956 ibi
1712 3898 1979 3972 publicas
2023 3898 2309 3957 orationes
2366 3898 2494 3976 cele-

263 3986 474 4055 brari,
535 3987 619 4045 in
681 3991 763 4045 ta
783 4006 823 4044 n
848 3991 930 4045 tu
951 4005 1008 4045 m
1066 3991 1154 4045 ut
1203 3986 1595 4046 multitudines
1627 3988 1996 4061 populorum,
2043 3987 2253 4060 spretis
2298 3986 2498 4065 ceteris

475 4190 578 4231 vn.
637 4190 744 4239 Cap.
768 4193 810 4230 4.
878 4192 918 4230 1.
947 4190 1122 4233 2a.b.c.

168 4300 226 4339 40
263 4296 307 4349 a.)
336 4306 422 4340 om.
446 4297 514 4335 2a.
530 4296 570 4337 b.
590 4309 628 4342 c.
733 4297 780 4347 b)
808 4300 856 4337 et
882 4302 933 4337 ut
959 4308 1018 4336 m.
1039 4298 1099 4337 al.
1130 4298 1176 4336 in
1195 4308 1285 4337 ras.
1317 4298 1379 4340 2ο.
1488 4298 1528 4345 ο)
1558 4307 1713 4337 eorum
1734 4298 1792 4340 20.
1901 4296 1945 4345 d)
1976 4296 2161 4345 (dictum
2182 4316 2229 4323 -—
2250 4294 2493 4343 publicani.

261 4349 384 4398 Prop
402 4350 574 4398 panim
600 4361 668 4392 σω.
698 4362 756 4393 m.
782 4352 843 4390 al.
873 4351 920 4389 tn
945 4350 1128 4401 ras.)ter
1157 4352 1218 4390 2ο.
1328 4352 1369 4399 e)
1399 4351 1485 4390 isto
1506 4351 1545 4400 1,
1568 4361 1683 4392 corr.
1789 4350 1824 4399 f)
1852 4348 2091 4389 inimicitia
2111 4350 2161 4399 13
2190 4348 2410 4387 iniunctus
2430 4350 2494 4387 2ο.

261 4403 308 4455 g)
345 4403 531 4442 Alberto
560 4405 598 4445 1.
759 4403 806 4454 h)
843 4415 900 4443 m.
929 4414 1084 4443 coaeva
1109 4405 1253 4453 suppl.
1284 4406 1322 4443 1.
1487 4403 1519 4451 i)
1559 4410 1605 4443 et
1633 4416 1668 4445 s.
1694 4409 1778 4444 ost.
1810 4413 1895 4443 om.
1926 4405 1967 4446 1.
2128 4402 2175 4451 k)
2214 4412 2269 4440 ex
2298 4402 2400 4440 add.
2432 4403 2493 4439 2ο.

263 4456 295 4507 l)
323 4455 412 4495 fuit
429 4468 507 4505 pr.
535 4468 594 4497 m.
624 4458 692 4497 za.
803 4458 862 4505 m)
891 4462 1063 4506 penetr.
1090 4478 1144 4486 —
1171 4454 1302 4498 duxit
1328 4458 1375 4495 in
1402 4468 1543 4506 mar-9.
1569 4458 1713 4507 suppl.
1740 4458 1807 4496 sa.
1927 4456 1974 4507 n)
2002 4461 2104 4505 post
2131 4466 2178 4495 se
2206 4465 2421 4503 super-scr.
2455 4457 2495 4494 1.

263 4509 308 4561 o)
337 4506 462 4549 ecch
488 4512 528 4550 1.
638 4511 685 4562 p)
713 4511 760 4549 in
787 4522 880 4551 ras.
910 4512 978 4549 2a.
