3167 5192
809 531 1004 586 VITA
1041 531 1331 587 TERTIA
1367 532 1784 590 BONIFATII.
2338 539 2407 593 81

163 715 338 780 silio
402 736 480 780 ac
542 718 870 799 paternae
929 715 1068 779 iam
1129 716 1640 780 ammonitionis
1698 721 2021 802 precepto
2080 721 2403 783 sanctus⁸

161 804 280 867 vir
345 804 708 869 confestim
779 804 1068 868 devotus
1127 804 1580 889 obtemperat,
1643 824 2008 889 secumque
2074 807 2408 871 tredecim

163 913 398 958 annos
417 892 442 931 ²
476 885 1053 977 inpretermisseb·
1072 893 1098 931 ²
1129 894 1437 971 triverat,
1475 894 1802 975 ecclesiae
1838 893 1972 959 sibi
2010 896 2408 961 commissae

163 982 650 1047 moderamina
709 980 1138 1065 gubernans⁰
1154 1031 1171 1057 ,
1228 982 1570 1047 idolorum
1631 978 2037 1067 spurcitias‘l
2100 984 2403 1049 ubicum-

98 1093 124 1132 5
162 1091 310 1153 que
368 1071 598 1155 potuit
656 1070 1078 1154 exstirpans⁰
1093 1117 1109 1132 .
1200 1070 1324 1134 Vir
1383 1074 1617 1137 autem
1663 1070 1797 1137 Dei
1844 1072 2335 1136 willibrordus
2350 1066 2403 1149 f,

165 1179 467 1225 cernens
511 1158 710 1222 illum
749 1160 839 1223 ad
884 1159 1091 1222 huius
1123 1159 1487 1224 ministerii
1516 1160 1736 1225 vicem
1766 1160 1968 1225 valde
2000 1166 2406 1225 strennuum

165 1252 241 1313 et
307 1249 507 1311 iuxta
563 1268 798 1313 vocem
859 1248 1139 1312 Domini
1199 1248 1579 1332 simplicem
1639 1249 1819 1313 sicut
1887 1248 2275 1314 columbam
2334 1254 2407 1315 et
2424 1237 2654 1340 }ss‚²,2‘{“'⁸·

163 1338 590 1421 prudentem
649 1336 913 1401 velutiss
977 1340 1365 1421 serpentem
1386 1388 1400 1413 ,
1463 1338 1878 1403 desideravit
1938 1359 2095 1403 eum
2155 1340 2405 1423 episco-

165 1419 365 1510 palih
418 1426 635 1508 gradu
682 1425 1052 1489 sublimare
1113 1419 1413 1508 sibiquei
1475 1429 1986 1512 cooperatorem
2045 1428 2115 1490 in
2166 1427 2405 1493 eadem
2424 1414 2723 1511 {ss’fm‘wffl

75 1537 128 1576 ιο
165 1514 533 1599 provincia
607 1507 1096 1579 constituerek.
1219 1513 1420 1593 Quod
1495 1514 1616 1580 ille
1693 1515 1989 1578 multum
2079 1517 2403 1595 renitens,

166 1606 465 1668 econtra
510 1602 758 1666 humili
800 1622 967 1668 voce
1015 1603 1309 1681 dicebat,
1369 1623 1441 1668 se
1486 1604 1671 1667 tanti
1720 1603 1998 1669 honoris
2060 1604 2403 1689 dignitate

165 1692 543 1776 indignum
606 1712 752 1756 esse
810 1712 938 1756 nec
997 1692 1225 1756 adhuc
1290 1695 1571 1777 propter
1638 1693 2076 1757 immaturam
2148 1697 2404 1759 etatem

168 1781 431 1846 debere
476 1781 766 1864 gradum
813 1780 1281 1864 pontificalem
1327 1782 1694 1864 suscipere.

392 1882 500 1969 (4).
571 1887 705 1951 Sed
753 1888 914 1970 quia
957 1886 1062 1950 vir
1093 1887 1242 1951 Deo
1289 1887 1534 1972 plenus
1566 1882 2095 1952 Willibrordus¹
2142 1889 2406 1974 Spiritu

82 1998 131 2037 15
167 1979 420 2041 sancto
497 1975 739 2040 didicit
815 1977 1140 2039 narrante
1159 2027 1174 2051 ,
1267 1976 1572 2040 maiorem
1649 1997 1806 2041 eum
1897 1977 2407 2041 sublimandum

167 2067 461 2141 honore,
509 2084 629 2128 sue
659 2064 1010 2128 voluntati
1053 2064 1399 2129 consensit
1446 2068 1516 2129 et
1546 2065 1854 2142 Romam,
1904 2066 2124 2130 sicutn
2162 2067 2404 2144 voluit,

170 2155 264 2218 ad
311 2161 534 2217 limina
579 2160 1056 2234 apostolorum
1104 2172 1387 2237 pergere
1435 2154 1748 2237 permisit
1767 2154 1809 2215 3.
1887 2153 2108 2233 Quem
2154 2161 2406 2219 beatis·
2425 2176 2481 2219 cb.

172 2250 431 2306 simus
499 2265 678 2324 papa
746 2247 1095 2323 Gregorius
1164 2265 1203 2304 a
1269 2249 1470 2322 primo
1539 2249 1871 2306 secundus
1939 2249 2405 2307 honorifice

173 2338 554 2412 suscepit
611 2338 1019 2411 tociusque
1079 2354 1258 2393 suae
1311 2338 1774 2394 voluntatis
1836 2338 2163 2407 seriem,
2222 2339 2404 2414 ipso

88 2442 137 2479 20
172 2429 600 2494 narrante,
649 2442 761 2499 per
797 2424 1120 2483 ordinem⁰
1163 2426 1482 2483 didicit.
1553 2420 1813 2484 Videns
1845 2422 2077 2484 autem
2109 2421 2397 2486 beatus?

172 2530 361 2593 papa
392 2507 762 2593 Gregorius
809 2509 956 2573 eius
999 2508 1336 2593 propositi
1381 2508 1822 2572 sanctitatem
1863 2509 2200 2592 simulque
2234 2530 2406 2573 com-

173 2598 452 2682 periens
516 2597 706 2661 illius
769 2597 1108 2662 industrie
1177 2597 1614 2682 probitatem,
1685 2597 1998 2680 protinus
2067 2618 2223 2662 eum
2290 2599 2405 2683 pio

172 2687 490 2769 rogavitq
546 2707 794 2764 amore,
858 2686 1024 2769 quin
1083 2686 1293 2749 etiam
1351 2685 1731 2770 apostolica
1789 2686 2204 2751 auctoritate
2262 2707 2406 2771 pre·
2422 2707 2480 2754 or.
2497 2707 2557 2748 a.

177 2777 368 2860 cepit
385 2827 400 2849 ,
477 2777 558 2837 ut
629 2774 817 2839 ultra
883 2774 1096 2858 Alpes
1171 2779 1487 2858 pergeret
1563 2777 1636 2838 et
1708 2774 1782 2837 in
1857 2773 1997 2837 illis
2073 2776 2403 2859 partibus,

92 2882 141 2921 25
173 2865 298 2929 ubi
370 2864 626 2928 heresis
693 2864 985 2928 maxime
1054 2863 1500 2947 pullularetr,
1573 2883 1698 2927 sua
1764 2863 2023 2927 salubri
2093 2863 2408 2928 doctrina

175 2953 497 3017 funditus
566 2973 715 3017 eam
777 2952 1175 3016 eradicaret.
1284 2950 1421 3030 Qui
1481 2951 1826 3035 preceptis
1882 2953 2131 3015 summi
2188 2954 2406 3038 ponti·

177 3041 325 3106 ficis
404 3042 885 3125 obtemperans
959 3040 1442 3124 legationeque
1515 3041 1803 3105 functus
1821 3040 1866 3119 ⁴,
1944 3042 2243 3125 perrexit
2318 3044 2407 3107 ad

177 3130 608 3215 Thuringos⁸
683 3133 754 3195 et
821 3125 1156 3206 Hessos‘;
1228 3129 1614 3213 euangelici
1680 3130 2013 3195 sermonis
2080 3132 2405 3215 dogmate

177 3222 554 3301 sanctoque
600 3218 863 3302 Spiritu
923 3218 1369 3301 suffragante,
1432 3238 1653 3283 mores
1711 3218 2033 3283 illorumu
2089 3220 2402 3298 mutavit,

98 3430 147 3470 ³0
392 3428 472 3469 IV.
523 3427 657 3475 capp.
681 3426 722 3466 3.
752 3428 793 3466 4.
859 3428 926 3467 ia.
947 3426 988 3466 b.
1017 3427 1084 3467 2α.
1107 3426 1148 3467 b.
1167 3436 1204 3465 e.

180 3516 224 3566 a)
251 3527 336 3559 om.
356 3517 413 3553 la
439 3518 545 3563 (non
563 3516 649 3563 lb).
755 3515 801 3563 b)
829 3516 894 3553 ita
919 3518 1029 3553 recto
1057 3516 1125 3553 la.
1141 3515 1193 3562 b,-
1219 3515 1268 3553 in
1294 3514 1514 3563 premissa
1540 3514 1777 3565 (premissa
1795 3516 1863 3566 21»)
1890 3516 2053 3555 Triech
2080 3516 2157 3564 (cf.
2176 3528 2223 3565 Ρ.
2244 3516 2314 3565 80,
2334 3516 2405 3564 33)

181 3571 290 3609 eccl.
322 3569 532 3619 (ecclesia
559 3569 625 3620 2ο)
663 3568 735 3607 2ο.
756 3568 796 3606 b.
815 3580 853 3607 c.
963 3568 1005 3619 c)
1033 3574 1080 3607 et
1105 3568 1208 3609 add.
1239 3568 1303 3610 11».
1419 3567 1464 3619 d)
1492 3568 1731 3617 spurticlas
1759 3569 1828 3612 la.
1933 3568 1977 3620 e)
2003 3570 2067 3608 ita
2094 3571 2161 3609 la.
2183 3569 2237 3617 b‚·
2266 3570 2406 3609 extir-

179 3622 327 3671 pavit
362 3622 422 3661 in.
452 3622 562 3672 ras.)
600 3623 674 3669 2o,·
707 3622 929 3671 exstirpat
963 3622 1045 3669 2a;
1081 3622 1348 3669 exstirpavit
1382 3620 1448 3661 21».
1595 3622 1630 3673 f)
1657 3619 1943 3662 wilbrordus
1977 3622 2055 3669 2⁶,-
2088 3622 2296 3663 Gumibr.
2337 3623 2402 3663 lb.

182 3675 224 3727 t)
251 3677 382 3715 velut
408 3675 487 3722 2b,·
513 3675 645 3713 sicuti
672 3676 726 3713 la
755 3684 850 3712 eum
872 3674 993 3723 Vnda.
1117 3674 1164 3725 h)
1192 3674 1362 3714 honore
1390 3674 1493 3713 add.
1523 3673 1591 3716 ab.
1710 3674 1742 3724 i)
1770 3675 1923 3723 sicque
1952 3676 2019 3715 2a.
2041 3675 2081 3715 b.
2104 3687 2141 3715 c.
2258 3676 2307 3723 k)
2332 3674 2406 3715 Ad

101 3730 148 3770 85
182 3729 283 3768 add.
307 3730 378 3771 2a.
475 3729 510 3776 1)
526 3725 808 3768 wilbrordus
831 3728 910 3774 20,-
934 3726 1140 3769 Guillibr.
1157 3727 1226 3766 lb.
1324 3729 1386 3775 m)
1413 3727 1571 3767 maiori
1599 3728 1666 3769 20.
1683 3727 1720 3769 b.
1734 3738 1756 3765 c
1784 3732 1823 3767 et
1849 3738 1871 3766 e
1897 3738 2011 3769 corr.
2039 3729 2106 3768 lb.
2206 3728 2253 3779 n)
2270 3729 2407 3769 sicuti

181 3782 246 3825 21».
262 3793 302 3826 ο.
411 3780 458 3834 o)
486 3782 638 3821 orbem
666 3782 724 3819 la
748 3782 858 3827 (non
885 3781 970 3831 lb).
1086 3779 1135 3831 p)
1160 3780 1441 3820 beatissimus
1469 3782 1526 3819 1oe
1550 3782 1657 3827 (non
1676 3781 1763 3830 lb).
1877 3783 1925 3829 q)
1950 3792 2036 3824 am.
2062 3793 2160 3832 rog.
2190 3783 2254 3825 1⁶.
2281 3782 2350 3826 2α.
2370 3784 2410 3825 b.

181 3833 220 3885 r)
248 3842 294 3875 et
321 3836 426 3873 add.
458 3837 528 3873 la.
557 3835 624 3873 ab.
734 3837 773 3882 s)
799 3835 863 3872 ita
889 3834 932 3873 h.
963 3834 994 3873 1.
1025 3834 1106 3880 1b‚·
1130 3834 1237 3875 Tur.
1266 3834 1361 3873 roll.
1472 3836 1508 3882 t)
1535 3838 1581 3873 et
1600 3836 1703 3876 add.
1722 3834 1786 3877 lb.
1883 3837 1931 3882 u)
1949 3846 2103 3875 eorum
2122 3838 2178 3875 la
2197 3838 2303 3882 (non
2322 3837 2407 3886 lb).

184 4014 235 4081 1)
287 4012 460 4064 Immo
495 4018 604 4063 tres
639 4016 849 4063 tantum
883 4026 1056 4063 annos
1103 4027 1221 4062 cum
1267 4011 1613 4063 Waubrordo
1662 4018 2013 4064 commoratus
2060 4019 2148 4067 est.
2222 4013 2407 4065 Error

174 4084 366 4151 pendet
399 4100 427 4135 e
460 4082 733 4148 Liudyero
770 4083 806 4135 l.
841 4083 878 4136 l.
929 4098 970 4137 c.
1007 4084 1044 4137 2
1093 4088 1172 4149 (p.
1211 4084 1342 4149 67).·
1391 4080 1529 4134 Cum
1567 4082 1684 4150 ipse
1720 4082 1924 4136 electus
1959 4082 2063 4136 Dei
2095 4081 2406 4136 Bonifatius

104 4168 152 4207 40
183 4157 392 4221 martyr
438 4156 567 4220 post
612 4151 966 4205 tredecim
1016 4168 1186 4205 annos
1231 4150 1290 4205 in
1338 4150 1602 4205 Fresonia
1649 4155 1905 4221 peractae
1952 4153 2406 4223 peregrinationis

183 4256 251 4264 —
286 4256 362 4263 -
411 4222 482 4276 ad
516 4222 720 4276 Hassos
769 4226 826 4277 et
861 4222 1220 4292 Thuringeos,
1269 4222 1562 4277 orientales
1610 4223 1861 4293 regiones
1896 4222 2250 4291 Francorum,
2298 4223 2406 4278 iter

185 4312 346 4365 agere
385 4294 663 4363 coepisset,
699 4302 748 4347 et
781 4311 830 4362 q.
853 4310 898 4349 s.
1028 4294 1086 4363 2)
1122 4295 1171 4350 I.
1195 4311 1246 4362 q.
1275 4297 1532 4359 continue,
1554 4298 1671 4348 sine
1692 4297 2097 4350 intermissione.
2153 4296 2405 4362 Ganqius.

184 4366 237 4435 3)
274 4365 394 4419 Hoc
414 4370 517 4418 iter
538 4369 739 4431 factum
759 4370 882 4419 ante
903 4366 1356 4433 praedicationem
1379 4368 1436 4418 in
1458 4366 1653 4418 Frisia
1682 4382 1799 4417 oum
1832 4374 2015 4419 sancto
2042 4366 2405 4422 Willibrordo.

185 4436 563 4491 Henschem'us.
741 4438 799 4499 4)
847 4436 1160 4489 Huobaldus
1197 4438 1234 4491 l.
1275 4437 1310 4492 l.
1356 4452 1398 4488 e.
1432 4438 1469 4490 8
1511 4436 1718 4503 (Miyne
1760 4438 1795 4492 l.
1835 4438 1869 4493 l.
1916 4438 2008 4493 col.
2044 4440 2209 4500 884).·
2260 4436 2405 4505 apud

109 4521 156 4561 45
188 4508 539 4576 apostolicam
575 4506 760 4561 sedem
796 4507 1176 4577 legatione
1213 4506 1539 4561 Germanica
1575 4506 1886 4563 functus.

289 4616 422 4656 Vitae
448 4615 678 4655 Bonifatii.
1950 4618 1983 4671 6
