3167 5192
672 453 711 506 4
1003 448 1195 504 VITA
1232 445 1638 503 BONIFATII
1673 443 2032 500 AUCTORE
2071 443 2580 502 WILLIBALDO.

672 636 903 696 tarum
970 630 1199 696 rerum
1257 629 1595 693 rationem
1661 629 1984 712 exiguum
2045 649 2154 692 me
2215 649 2636 712 parvumque
2699 631 2928 693 fiere⁸

674 720 1026 785 auctorem
1105 711 1578 802 cognoscamb,
1656 721 1892 781 tamen
1912 768 1925 792 ,
2006 717 2324 800 exigente
2401 717 2932 782 benivolentiae

676 811 942 874 vestrae
995 807 1377 893 voluntate,
1442 806 1572 870 hoc
1633 805 1816 888 quod
1878 806 2364 880 demandastiS,
2421 806 2616 871 vobis
2673 806 2930 870 iuban-

673 898 931 972 tibus‘²‚
994 916 1130 959 non
1185 895 1503 980 propriae
1564 893 2142 978 praesumptionis
2200 890 2612 958 insolentiad
2661 895 2924 971 fretus,

676 986 795 1050 sed
866 985 1255 1049 adsertione
1316 982 1815 1047 catholicorum
1885 983 2212 1059 confisuS,
2285 983 2649 1066 adgrediar
2719 1003 2923 1066 opus,
2977 1004 3018 1043 5

675 1094 899 1156 neque
959 1094 1042 1138 ex
1101 1073 1515 1156 parvitates⁰
1584 1091 1774 1136 meae
1835 1071 1996 1134 stilo
2056 1071 2373 1154 propriae
2426 1065 2659 1135 ludisf
2726 1092 2926 1156 prae·

679 1163 951 1227 conium
1022 1162 1393 1244 requirens,
1465 1161 1585 1224 sed
1648 1179 1732 1223 ex
1787 1162 2074 1224 tantaeg
2123 1160 2226 1224 rei
2285 1160 2624 1224 relatione
2685 1160 2924 1244 profu-

676 1256 913 1315 turum
961 1250 1353 1334 legentibus
1414 1248 1750 1332 praebens
1809 1247 2218 1331 exemplum,
2282 1248 2447 1311 dum
2507 1242 2684 1312 hiish
2739 1249 2922 1331 quis-

678 1361 811 1423 que
871 1339 1241 1402 instruitur
1308 1337 1626 1402 formulis
1697 1330 1802 1401 eti
1872 1338 1959 1400 ad
2031 1336 2318 1400 meliora
2384 1338 2740 1420 profectus
2809 1338 2921 1400 sui

680 1421 1148 1512 perfeetionek
1199 1419 1637 1510 perducitur¹
1658 1472 1672 1486 .
2970 1451 3040 1489 ,ο

928 1657 1349 1722 ORDITUR
1393 1655 1677 1718 LIBER
1724 1653 2060 1718 SANOTI
2107 1654 2671 1720 BONIFATIIm.

681 1794 832 1882 (1).¹¹
910 1797 1319 1876 Qualiter
1378 1799 1463 1860 in
1525 1797 1960 1860 infantia⁰
2018 1796 2218 1860 Deip
2273 1796 2734 1861 servitium
2799 1797 2919 1861 in-

1587 1885 2016 1948 choavit‘l.

897 1992 1271 2055 Inlustrem
1320 1991 1535 2074 igitur
1582 2011 1662 2054 ac
1709 2011 1866 2055 vere
1923 1991 2196 2055 beatam
2259 1993 2481 2054 sancti
2528 1991 2914 2056 Bonifatiir

682 2081 932 2146 summi
977 2080 1321 2162 pontificis
1364 2081 1577 2143 vitam
1627 2100 1983 2162 moresque
2017 2081 2180 2157 eiuS,
2217 2083 2609 2143 sanctorum
2644 2101 2920 2164 magno·
2965 2105 3030 2144 ιε

684 2191 845 2252 pere
890 2170 1280 2232 imitatione
1329 2171 1651 2244 sacratos,
1701 2167 1866 2232 licet
1913 2169 2258 2252 opacitate
2292 2169 2679 2252 praepediti
2709 2171 2922 2234 scien-

682 2260 842 2334 tiae,
893 2257 1054 2322 exili
1100 2261 1334 2321 tamen
1388 2256 1705 2340 opusculi
1763 2257 1970 2319 huius
2031 2256 2366 2322 stamine1
2426 2258 2780 2322 innectere
2842 2279 2923 2322 ac

684 2347 983 2430 simplici
1015 2346 1339 2409 historiae
1377 2345 1752 2428 tegminess,
1775 2343 1872 2388 ’-
1904 2346 2482 2428 quemadmodum
2517 2344 2913 2428 relegiosis‘

684 2436 846 2499 viris
893 2435 1349 2498 referentibus
1385 2434 1885 2519 conperimusu,
1936 2435 2054 2516 qui
2103 2435 2526 2498 cottidianoV
2575 2435 2720 2498 eius
2769 2456 2924 2499 con·

686 2523 919 2607 loquio
981 2526 1051 2587 et
1111 2522 1527 2606 relegionisw
1589 2523 2104 2586 conversatione
2175 2522 2415 2586 sedulo
2474 2525 2922 2605 praesentati,
2962 2549 3026 2586 20

688 2635 769 2678 ea
828 2633 1002 2695 quae
1064 2612 1435 2675 audierunt
1492 2611 1604 2674 vel
1663 2611 1986 2674 viderunt
2046 2612 2120 2673 in
2179 2611 2566 2694 exemplum
2627 2613 2925 2696 posteris

685 2702 1145 2777 tradiderunt,
1216 2735 1290 2744 —
1357 2703 1776 2783 congregata
1834 2699 2199 2764 verborum
2257 2701 2563 2777 raritate,
2618 2701 2924 2765 texendo

686 2791 975 2853 nitimur
1023 2789 1317 2852 enodare
1366 2791 1436 2852 et
1484 2788 1569 2852 ab
1621 2788 1898 2852 exordio
1945 2809 2161 2870 usque
2221 2789 2308 2851 ad
2371 2789 2596 2865 finem,
2659 2793 2926 2871 quanta

686 2897 1048 2961 possumus
1092 2878 1560 2960 indagatione,
1613 2877 1884 2941 divinae
1919 2876 2524 2960 contemplationis
2556 2877 2702 2941 eius
2735 2899 2924 2942 sanc-

684 2967 1045 3029 timoniam
1091 2965 1414 3028 revelare.
2963 2991 3020 3030 2⁵

902 3053 1075 3116 Cum
1109 3054 1291 3116 enim
1324 3054 1670 3136 primaevo
1718 3052 2045 3134 puerilis¹
2085 3055 2334 3118 aetatis
2374 3055 2659 3119 decorey
2697 3055 2926 3118 multa

686 3147 767 3205 ut
828 3141 1005 3206 solet
1066 3144 1417 3205 maternae
1480 3140 1968 3204 sollicitudinis
2031 3163 2196 3206 cura
2255 3142 2646 3208 ablactatus
2711 3147 2925 3226 atque

688 3231 1033 3296 enutritus
1080 3233 1278 3314 esset,
1329 3250 1579 3313 magna
1626 3229 1950 3293 nimirum
1984 3230 2501 3309 dilectatione2,
2536 3235 2923 3296 ceterorum

687 3319 1112 3404 postpositaa
1162 3339 1389 3382 amore
1436 3318 1756 3396 filiorum,
1808 3318 2200 3383 adsectatus
2249 3323 2353 3384 est
2400 3341 2441 3384 a
2487 3324 2704 3403 patre.
2783 3321 2922 3385 Sed

685 3409 848 3492 quia
892 3409 1031 3471 iam
1090 3408 1400 3472 labentia
1460 3410 1714 3471 cuncta
1771 3408 2000 3471 animo
2061 3409 2446 3472 subiecerat
2507 3412 2578 3473 et
2639 3408 2924 3474 aeterna
2962 3435 3016 3494 zo

686 3498 904 3580 magis
952 3517 1156 3580 quam
1204 3497 1596 3580 praesentia
1643 3497 1946 3579 cogitare
2007 3497 2458 3580 disposuerat,
2522 3518 2678 3561 cum
2738 3502 2924 3562 esset

899 3705 936 3743 I.
984 3705 1108 3748 Prol.
1162 3705 1269 3754 Gap.
1298 3707 1336 3744 1.
1395 3706 1435 3748 1.
1465 3705 1535 3746 212.
1553 3705 1640 3748 ὀμ).
1669 3705 1707 3747 3.
1734 3705 1774 3747 4.

685 3772 729 3824 a)
756 3775 821 3812 ita
849 3776 896 3825 13
927 3773 1025 3814 fieri
1052 3775 1147 3816 rell.
1180 3778 1183 3780 ’
1270 3773 1319 3824 b)
1346 3785 1585 3824 agnoscam
1615 3775 1663 3826 33
1694 3786 1915 3824 cognosco
1942 3774 2002 3814 20.
2132 3774 2173 3824 c)
2201 3776 2266 3812 ita
2294 3777 2342 3826 1;
2370 3775 2631 3816 iuvantibus
2659 3776 2784 3818 emb.
2802 3787 2839 3818 ο.
2866 3777 2920 3825 33

685 3827 940 3866 iubentibus
965 3828 1005 3870 4.
1032 3829 1103 3868 4a.
1241 3826 1288 3876 d)
1314 3829 1563 3868 intollertia
1592 3831 1629 3868 1.
1769 3831 1811 3876 e)
1839 3829 1903 3866 ita
1929 3839 2007 3877 pr.
2033 3840 2090 3871 m.
2119 3831 2164 3878 13
2201 3829 2441 3877 parvitatis
2469 3829 2566 3870 rell.
2703 3829 2738 3876 f)
2765 3830 2833 3867 ita
2862 3831 2883 3868 1
2907 3841 2918 3879 ς

685 3878 831 3920 laudis
860 3881 979 3928 rell.;
1009 3881 1065 3926 cf.
1096 3891 1234 3928 cupra
1252 3892 1303 3929 p.
1336 3883 1375 3930 1,
1395 3882 1434 3922 8.
1541 3884 1590 3931 g)
1619 3885 1747 3921 tanta
1774 3882 1838 3920 rel
1859 3881 2018 3921 relatio
2038 3883 2085 3932 13
2115 3881 2373 3920 narratione
2392 3881 2592 3930 Rufinus.
2701 3881 2749 3930 h)
2776 3883 2844 3920 ita
2867 3884 2916 3934 1;
2958 3883 3011 3922 35

685 3933 755 3973 his
785 3934 881 3972 rell.
991 3933 1023 3980 i)
1052 3944 1137 3974 om.
1160 3934 1201 3976 4.
1227 3935 1297 3976 4a.
1404 3932 1454 3983 k)
1481 3935 1754 3982 perfectione
1781 3935 1850 3976 20.
1963 3935 1996 3982 l)
2023 3933 2220 3982 Explicit
2246 3935 2454 3984 prologus
2481 3936 2528 3973 in
2555 3945 2696 3984 mara.
2729 3935 2831 3975 add.
2865 3937 2912 3984 13

683 3987 881 4036 Explicit
906 3986 1162 4035 prouocatio
1192 3987 1294 4027 add.
1324 3987 1393 4028 2a.
1414 3987 1451 4027 b.
1590 3987 1650 4034 m)
1679 3987 2008 4037 archiepiscopi
2037 3987 2139 4029 ada.
2171 3988 2239 4028 2oe.
2259 3989 2297 4030 b.
2322 3989 2364 4028 4.
2393 3989 2479 4036 4a,·
2510 3999 2707 4038 praescr.
2737 3999 2820 4032 om.
2849 3989 2914 4030 20.

683 4041 730 4090 n)
761 4041 930 4079 numeri
956 4041 1107 4078 desunt
1132 4039 1253 4079 codd.
1267 4053 1283 4086 ,-
1308 4040 1675 4088 praescriptiones
1701 4041 1892 4089 capitum
1919 4041 2070 4079 desunt
2097 4039 2262 4082 2⁶¹·⁸·⁴.
2292 4039 2418 4081 ὅσω.
2557 4045 2602 4090 ο)
2637 4043 2702 4080 ita
2741 4045 2787 4091 13
2832 4053 2918 4082 sua

685 4095 787 4135 add.
828 4093 922 4134 rell.
1059 4095 1107 4141 p)
1142 4104 1225 4135 om.
1260 4097 1300 4130 ot
1336 4093 1516 4130 Domini
1552 4103 1763 4141 superscr.
1793 4095 1833 4136 3.
1969 4096 2015 4143 q)
2052 4094 2118 4132 ita
2145 4095 2192 4144 1;
2223 4093 2362 4133 subiit
2387 4094 2484 4138 rell.
2618 4093 2659 4147 ι·)
2689 4095 2917 4134 Bonifacii

684 4148 739 4186 2a
767 4149 897 4196 (corr.
900 4150 939 4196 ).
970 4146 1007 4188 b.
1142 4148 1179 4193 s)
1204 4142 1261 4198 -1-
1288 4149 1529 4184 atramento
1548 4147 1792 4193 pallidiore
1819 4151 1858 4185 et
1883 4147 1931 4184 in
1958 4150 2078 4186 textu
2106 4151 2144 4184 et
2171 4147 2218 4184 in
2245 4147 2444 4195 marqine
2471 4148 2575 4186 aad.
2606 4149 2645 4189 1.
2781 4148 2818 4198 t)
2848 4149 2916 4186 ita
2955 4150 3010 4189 40

684 4203 722 4242 1.
748 4201 819 4241 2ο.
931 4198 979 4250 u)
1006 4209 1119 4239 corr.
1150 4199 1346 4246 comperi
1371 4199 1413 4240 4.
1524 4198 1571 4248 v)
1599 4199 1848 4239 cottidiana
1867 4210 1942 4248 pr.
1974 4211 2031 4240 m.
2064 4202 2101 4242 1.
2209 4199 2270 4250 w)
2296 4200 2362 4238 t’ta
2392 4202 2428 4242 1.
2538 4203 2586 4248 x)
2613 4200 2809 4249 paen-olis
2838 4201 2914 4252 ea,

682 4264 795 4296 corr,
891 4255 938 4304 y)
966 4251 1131 4292 deeora
1154 4254 1193 4301 1,
1224 4263 1338 4294 corr.
1436 4253 1477 4299 z)
1504 4262 1620 4294 corr.
1636 4250 1797 4295 delect.
1817 4255 1855 4302 1,
1877 4257 1916 4292 et
1934 4253 1998 4291 ita
2018 4253 2111 4295 rell.
2210 4257 2255 4302 a)
2284 4254 2348 4292 ita
2375 4253 2445 4296 2a.
2461 4254 2513 4300 b,-
2540 4254 2790 4303 postposito
2813 4255 2911 4296 rell.

686 4410 740 4480 1)
778 4411 874 4462 Ex
908 4414 1133 4464 stamine
1167 4417 1215 4464 et
1248 4411 1567 4478 subteymine
1603 4415 1802 4482 §exitur
1837 4413 1958 4465 tela.
