3167 5192
460 478 703 535 VITAE
737 477 1146 535 BONIFATII
1179 478 1539 535 AUCTORE
1574 480 1881 536 OTLOHO
1917 480 2156 537 LIBER
2177 481 2258 538 II.
2381 485 2486 540 167

244 668 543 737 debuisset,
568 698 655 705 —
679 668 831 726 absit
856 668 976 737 hoc,
1009 673 1076 727 ut
1102 667 1396 727 decessor⁸
1426 674 1616 727 noster
1644 669 1761 728 ista
1778 669 2119 743 preciperet.
2183 670 2306 729 Nec
2335 670 2484 729 enim
2501 688 2726 738 Epi-³251.
2803 696 2808 703 ·

244 757 319 815 ab
362 758 471 816 hac
515 757 830 831 apostolica
856 756 985 815 sede
1019 756 1129 815 illa
1156 746 1557 831 diriqunturb,
1590 776 1734 832 quae
1763 758 2062 817 contraria
2089 776 2207 818 esse
2239 764 2485 833 patrum

244 845 365 903 sive
411 863 691 904 canonum
733 845 1013 905 institutis
1047 844 1403 919 probentur⁶
1420 892 1433 904 .
1524 850 1864 905 Ammonere
1908 852 1978 905 et
2017 848 2318 922 increpare
2369 867 2481 919 eos,

245 936 442 1005 frater
497 934 823 1003 karissime,
882 952 953 992 ne
1011 952 1205 1003 cesses,
1266 939 1541 1009 quatenus
1599 954 1638 993 a
1697 940 1813 994 tam
1879 937 2105 995 scelesto
2171 928 2476 997 recedant‘¹

176 1041 207 1079 5
242 1023 632 1093 matrimoni0,
680 1022 781 1082 ut⁰
820 1041 933 1081 non
978 1023 1041 1081 in
1086 1027 1377 1082 aeternum
1410 1029 1672 1097 pereant.
1751 1024 2225 1085 Reminiscantur
2261 1027 2412 1086 enim
2425 1015 2481 1095 f,

243 1130 305 1170 se
355 1109 573 1171 Christi
618 1111 893 1186 sanquine
937 1130 1055 1171 esse
1100 1111 1433 1186 redemptos,
1494 1118 1549 1171 et
1604 1131 1716 1172 non
1773 1118 1968 1188 sponte
2026 1133 2085 1173 se
2145 1115 2488 1174 contradant

242 1200 601 1259 diabolicae
647 1200 940 1274 potestati,
1000 1201 1099 1259 sed
1156 1202 1343 1276 maqis
1399 1202 1899 1275 omnipotenti
1955 1202 2083 1262 Deo
2141 1208 2197 1262 et
2255 1201 2484 1263 Christo

242 1287 370 1361 filio
428 1289 583 1358 eius,
648 1288 900 1364 Spiritui
956 1290 1216 1364 quoque&
1265 1295 1459 1349 sancto
1472 1336 1491 1360 ,
1551 1291 1616 1349 in
1674 1291 1836 1350 cuius
1892 1292 2116 1350 nomine
2183 1293 2255 1351 ab
2321 1292 2484 1351 illius

244 1378 471 1452 antiqui
514 1378 693 1438 hostis
720 1378 902 1452 erepti
944 1367 1119 1437 sunt¹¹
1144 1383 1441 1453 potestate.
1511 1378 1765 1437 Labora
1808 1399 1838 1437 e
1851 1400 1885 1437 r
1899 1398 1936 1455 9
1949 1368 2014 1438 οἱ
2031 1426 2048 1449 ,
2080 1369 2477 1440 sanctiss-imk

148 1485 205 1523 ιο
246 1469 461 1539 frater,
521 1468 586 1526 in
644 1467 758 1536 eis,
820 1467 960 1541 quia
1016 1467 1293 1541 scriptum
1356 1468 1640 1542 coynoscis
1653 1491 1672 1528 :
1741 1468 1865 1541 Qui
1924 1471 2205 1527 converti
2261 1469 2482 1529 fecerit

244 1562 641 1632 peccatorem
699 1557 781 1615 ab
840 1574 1045 1615 errore
1101 1557 1241 1615 viae
1309 1574 1482 1627 suae,
1552 1558 1825 1616 salvabit
1891 1559 2170 1616 animam
2238 1560 2374 1616 eius
2442 1577 2481 1617 a

244 1649 449 1704 morte
495 1650 562 1705 et
605 1662 865 1704 suorum
910 1647 1112 1721 operit
1160 1646 1638 1704 multitudinem
1681 1651 2100 1722 peccatorum.
2193 1635 2386 1705 Naml
2430 1651 2486 1705 et

246 1753 351 1795 nos
396 1735 449 1793 ei
482 1753 601 1808 pro
644 1734 747 1793 hoc
791 1734 1221 1793 commonitoria
1262 1734 1483 1808 scripta
1527 1734 1866 1794 diremimus.

461 1821 555 1882 De
598 1822 887 1881 Kalendis
929 1841 1064 1881 vero
1108 1822 1399 1881 Ianuarii
1442 1824 1531 1881 vel
1580 1823 1784 1904 ceteris
1841 1824 2124 1898 auguriis,
2183 1822 2484 1896 filacteriis

149 1929 207 1967 15
246 1917 303 1970 et
343 1912 823 1971 incantationibus
873 1912 963 1970 vel
1020 1911 1159 1971 aliis
1215 1912 1463 1971 diversis
1521 1912 2022 1981 observationibus,
2083 1932 2227 1987 quae
2285 1913 2486 1988 qentili

244 2018 405 2060 more
448 2001 743 2060 observari
786 2000 993 2061 dixisti
1038 2000 1195 2074 apud
1240 2001 1463 2059 beatum
1492 2000 1732 2060 Petrum
1776 2002 2094 2075 apostolum
2133 2002 2222 2060 vel
2251 2002 2315 2060 in
2343 2003 2483 2061 urbe

244 2088 457 2159 Roma,
504 2090 641 2149 haec
686 2094 741 2148 et
780 2090 943 2148 nobis
986 2094 1041 2148 et
1082 2090 1341 2148 omnibus
1385 2089 1720 2149 christianis
1771 2090 2126 2149 detestabilia
2183 2096 2238 2149 et
2282 2090 2480 2164 perni-

244 2179 403 2237 ciosa
460 2197 577 2237 esse
642 2178 990 2247 iudicamus,
1062 2178 1275 2237 dicente
1332 2177 1399 2236 D
1414 2197 1446 2237 o
1463 2179 1612 2237 min
1625 2197 1658 2237 o
1673 2202 1692 2237 .-
1759 2180 1902 2238 Non
1969 2179 2483 2256 augurabiminim

243 2268 389 2327 veln
443 2272 612 2327 certe
669 2286 799 2326 non
857 2268 1292 2326 observabitis·
1383 2267 1467 2326 Et
1508 2268 1718 2327 iterum
1761 2268 2056 2342 scriptura
2107 2267 2278 2327 dicit.-
2339 2270 2397 2327 N
2399 2286 2482 2327 on

148 2374 206 2412 20
246 2350 423 2416 situ*
458 2358 720 2433 auguria
764 2358 832 2414 in
876 2357 1071 2415 Israel
1115 2374 1233 2415 nec
1279 2356 1674 2415 observatio⁰
1711 2358 1779 2414 in
1825 2357 2014 2416 domo
2049 2357 2256 2417 Iacob.
2334 2357 2473 2416 Ital'

244 2450 301 2504 et
344 2464 383 2503 a
425 2446 589 2505 nobis
632 2445 943 2504 cavendum
986 2463 1104 2503 esse
1148 2464 1450 2514 censemus,
1497 2450 1564 2503 ut
1605 2445 1784 2504 nullis
1829 2446 2094 2520 auguriis
2149 2446 2238 2504 vel
2297 2447 2478 2505 obser-

242 2534 569 2593 nationibus
614 2534 989 2603 attendamus,
1050 2534 1190 2608 quia
1234 2534 1428 2593 omnia
1468 2534 1606 2593 haec
1664 2534 1889 2593 abscisa
1945 2552 2063 2593 esse
2121 2552 2160 2592 a
2207 2534 2482 2608 patribus

243 2623 425 2682 edocti
468 2642 681 2683 sumus.
777 2620 826 2681 S
835 2641 864 2680 e
877 2623 916 2681 d
960 2623 1100 2697 quia
1134 2642 1249 2697 per
1290 2623 1712 2698 instiyationem
1755 2622 1971 2681 diaboli
2027 2623 2235 2681 iterum
2284 2624 2479 2697 pullu-

242 2712 462 2782 labant,
506 2732 547 2772 a
590 2711 701 2781 die,
748 2730 864 2787 qua
905 2730 1011 2771 nos
1052 2712 1225 2771 iussit
1256 2711 1459 2771 divina
1501 2711 1812 2780 clementia,
1844 2729 2189 2786 quamquam
2227 2711 2484 2771 inmeriti

150 2818 203 2857 25
243 2801 579 2871 eccistamus,
628 2801 871 2876 apostoli
914 2801 1091 2860 vicem
1134 2819 1347 2876 yerere,
1400 2800 1534 2859 ilico
1593 2800 1786 2859 omnia
1841 2800 1979 2859 haec
2035 2800 2481 2874 amputavimus.

244 2890 399 2949 Pari
442 2890 645 2949 etenim
689 2890 853 2949 modo
897 2891 1158 2949 volumus
1202 2894 1360 2949 tuam
1405 2890 1761 2948 sanctitatem
1795 2888 2036 2963 populis
2079 2889 2190 2948 sibi
2219 2889 2482 2949 subiectis

235 2978 562 3053 predicare.
676 2979 836 3038 Nam
902 2984 958 3037 et
1020 2983 1248 3038 sanctae
1314 2977 1728 3037 recordationis
1782 2977 2251 3052 prodecessoris‘l
2317 2983 2483 3052 atque

241 3068 551 3127 nutritoris
593 3068 779 3127 nostri
830 3068 1022 3127 domni
1035 3068 1061 3099 ²⁹
1120 3067 1391 3143 Greyorii
1434 3085 1632 3142 papae
1677 3067 2067 3126 constitutione
2111 3067 2305 3126 omnia
2346 3067 2484 3126 haec

234 3156 337 3230 pie
383 3161 550 3230 atque
592 3155 841 3230 fideliter
883 3161 1183 3231 amputata
1225 3162 1360 3216 sunt
1402 3162 1456 3215 et
1497 3155 1622 3215 alia
1665 3174 1837 3230 quam
1870 3157 2075 3230 plura,
2108 3155 2290 3231 quae⁸
2303 3202 2322 3225 ,
2360 3156 2480 3215 dia·

154 3261 207 3299 30
243 3246 369 3304 bolo
414 3251 757 3321 suyqerente,
794 3246 1168 3321 pullulabant
1208 3246 1273 3304 in
1321 3243 1539 3305 Christi
1583 3245 1740 3304 ovili.

460 3333 554 3393 De
610 3334 995 3394 sacerdotibus
1052 3352 1089 3392 v
1102 3353 1131 3393 e
1144 3354 1179 3393 r
1192 3352 1225 3393 o
1287 3334 1410 3393 illis
1424 3326 1444 3365 t
1458 3380 1477 3403 ,
1547 3334 1648 3408 qui
1715 3334 1917 3405 falsau
1983 3334 2313 3409 opinantur,
2383 3334 2484 3407 qui

243 3424 417 3482 etiam
476 3422 727 3482 adulteri
783 3428 839 3482 et
894 3423 1318 3494 fornicatoresv
1373 3423 1702 3497 probantur
1760 3427 1815 3481 et
1870 3422 1981 3481 sibi
2039 3423 2111 3481 ab
2169 3422 2483 3497 apostolica

242 3512 371 3571 sede
416 3512 702 3571 indultum
746 3530 865 3571 esse
911 3516 974 3571 te
987 3530 1016 3571 s
1031 3517 1309 3581 tantur,
1356 3510 1506 3571 hocw
1534 3512 1700 3571 nulla
1743 3511 1966 3570 ratione
2010 3510 2208 3570 credat
2233 3512 2474 3569 sancta¹

246 3606 347 3659 tua
392 3601 740 3672 fraternitas
751 3624 775 3675 ;
830 3600 931 3660 sed
973 3600 1242 3659 similiter
1284 3600 1349 3659 in
1392 3601 1475 3660 eis
1520 3599 1850 3659 canonicam
1893 3618 2090 3659 exerce
2147 3599 2481 3669 vindictam,

156 3703 207 3743 35
242 3690 715 3763 quemadmodum
758 3690 827 3749 de
870 3689 981 3758 his,
1028 3688 1231 3763 quibus
1272 3690 1540 3764 superius
1584 3708 1624 3747 a
1666 3688 1828 3747 nobis
1856 3688 2081 3748 edoctus
2114 3689 2476 3748 monstraris.

244 3778 380 3837 Non
424 3778 575 3837 enim
619 3778 783 3837 aliud
828 3783 879 3837 te
924 3796 1091 3853 aqere
1148 3779 1427 3848 volumus,
1476 3782 1679 3852 preter
1735 3777 1885 3853 quod
1943 3778 2100 3836 sacri
2147 3776 2484 3851 precipiunt

244 3885 503 3936 canones,
550 3868 639 3926 vel
683 3868 856 3927 etiam
902 3868 973 3926 ab
1018 3868 1125 3926 hac
1160 3867 1474 3941 apostolica
1503 3867 1630 3926 sede
1660 3867 1971 3926 instructus
2001 3885 2118 3925 esse
2147 3866 2475 3925 dinosceris.

456 4018 559 4058 vn.
615 4019 723 4068 Gap.
753 4020 791 4060 2.
858 4019 897 4057 1.
928 4018 1107 4057 2a.b.c.

243 4106 287 4156 a)
325 4117 382 4149 m.
409 4108 467 4147 al.
498 4118 611 4151 corr.
642 4104 899 4157 prodemus.
930 4108 994 4149 20.
1126 4108 1173 4157 b)
1210 4108 1533 4156 permittuntur
1560 4107 1688 4151 2a.b.
1705 4118 1740 4149 c.
1876 4107 1916 4156 ο)
1954 4104 2253 4155 prohibentur
2290 4105 2330 4153 1,
2361 4116 2478 4144 corr.

150 4162 207 4199 40
243 4157 291 4209 d)
319 4164 451 4203 matr.
470 4170 561 4204 rec.
578 4161 643 4204 20.
750 4161 791 4209 e)
820 4171 877 4200 ne
896 4160 943 4199 in
972 4162 1041 4199 211.
1060 4161 1097 4201 b.
1116 4171 1151 4203 c.
1258 4160 1293 4208 f)
1321 4171 1426 4208 ergo
1456 4162 1522 4201 2a.
1541 4161 1582 4199 b.
1597 4172 1634 4202 c.
1739 4161 1785 4209 g)
1815 4159 2092 4209 spirituique
2116 4163 2271 4197 sancto
2300 4159 2366 4200 2a.
2380 4158 2420 4199 b.
2440 4169 2482 4197 c.

243 4213 291 4264 h)
319 4224 379 4253 m.
408 4214 469 4257 al.
496 4224 713 4263 uipereor.
744 4215 809 4254 20.
942 4212 977 4264 i)
1012 4215 1150 4261 igitur
1178 4214 1246 4257 2a.
1259 4214 1301 4254 b.
1320 4225 1355 4256 c.
1488 4213 1535 4264 k)
1573 4213 1802 4253 carissime
1831 4213 1897 4255 2b.
2036 4212 2069 4263 1)
2106 4212 2198 4251 Nos
2226 4222 2406 4261 quoque
2438 4212 2480 4250 oi

244 4268 313 4306 2a.
330 4267 371 4307 b.
388 4277 424 4306 c.
573 4266 636 4318 m)
674 4278 789 4306 corr.
818 4268 1164 4317 auguriabimini
1193 4269 1261 4317 2oe,
1290 4271 1329 4305 et
1356 4268 1423 4305 ita
1450 4266 1515 4307 2b.
1536 4279 1573 4305 c.
1723 4265 1771 4316 n)
1808 4266 1882 4305 vel
1911 4275 1952 4304 c.
1981 4276 2026 4305 n.
2057 4264 2154 4305 obs.
2183 4275 2266 4308 om.
2295 4264 2477 4305 2a.b.e.

243 4319 318 4370 η’)
347 4320 440 4359 sint
466 4321 534 4360 80.
552 4321 644 4360 lue.
768 4320 812 4371 ο)
840 4321 1179 4360 observationes
1209 4322 1274 4363 2³.
1388 4322 1436 4369 p)
1464 4321 1608 4367 Igitur
1637 4320 1702 4360 211.
1723 4330 1759 4358 c.
1883 4318 1929 4367 q)
1957 4318 2022 4356 ita
2047 4319 2088 4361 1.
2115 4319 2182 4359 2α.
2203 4330 2226 4357 c
2251 4319 2342 4366 (pr.
2371 4320 2484 4365 m.),·

242 4373 422 4423 predee.
451 4374 520 4415 2⁶1.
538 4384 561 4413 e
584 4374 805 4424 (pluribm
830 4375 1087 4423 immutatis)
1097 4385 1116 4423 ,-
1144 4385 1227 4418 om.
1255 4374 1321 4413 2b.
1431 4375 1469 4423 r)
1500 4371 1672 4412 domini
1691 4372 1754 4415 2ο.
1862 4370 1901 4423 s)
1928 4381 1957 4409 a
1984 4372 2088 4411 add.
2119 4372 2180 4411 20.
2291 4370 2326 4422 t)
2355 4370 2480 4409 falsis

152 4428 206 4467 45
243 4428 312 4466 2⁶.
330 4428 371 4466 b.
392 4439 428 4467 c.
555 4427 601 4476 u)
636 4438 749 4467 corr.
780 4427 884 4466 falsi
912 4428 977 4467 20.
1109 4426 1157 4479 v)
1193 4438 1291 4467 esse
1320 4426 1423 4467 aad.
1456 4428 1525 4466 2a.
1543 4426 1581 4466 b.
1600 4437 1635 4465 c.
1763 4425 1823 4476 w)
1859 4435 1942 4463 om.
1977 4424 2043 4465 2b.
2169 4424 2216 4475 x)
2247 4436 2282 4465 s.
2313 4429 2394 4463 tua
2420 4425 2476 4463 fr.

242 4481 290 4519 in
317 4490 407 4522 ras.
438 4481 487 4531 13
517 4492 553 4522 s.
584 4480 641 4520 fr.
671 4485 750 4519 tua
777 4482 844 4520 212.
862 4480 902 4521 b.
920 4492 956 4520 c.
