3167 5192
445 494 691 562 VITAE
722 507 1132 564 BONIFATH
1165 507 1526 564 AUCTORE
1561 507 1872 564 OTLOHO
1907 508 2143 564 LIBER
2165 508 2246 566 11.
2361 512 2466 566 189

217 696 536 754 catholicae
580 697 875 771 scriptum.
961 698 1012 775 Q
1034 717 1075 756 u
1098 717 1129 758 ο
1153 699 1192 756 d
1236 698 1403 757 valde
1440 697 1600 756 nobis
1629 697 1969 771 acceptabile
1998 715 2116 756 esse
2145 715 2460 772 coynoscas,
2483 719 2622 766 spese.
2638 719 2712 759 so.

217 785 495 858 quoniam
529 785 685 859 per⁸
717 784 975 860 Spiritus
1017 788 1201 847 sancti
1242 787 1497 861 qratiam
1539 787 1604 845 in
1650 790 1700 845 te
1729 787 2008 860 diffusam
2051 787 2153 846 hoc
2182 774 2455 860 operarib

216 873 515 934 studuisti.

441 961 606 1022 Inter
663 982 692 1022 c
714 983 743 1042 ς
768 968 840 1022 te
862 985 897 1023 r
920 983 959 1023 a
1016 965 1337 1024 sanctitatis
1384 969 1514 1023 tuae
1558 964 1779 1038 scripta
1811 963 2032 1038 petisti,
2079 969 2146 1023 ut
2200 963 2465 1024 sacerdos

156 1067 183 1105 5
218 1069 257 1108 a
301 1051 472 1110 nobis
516 1052 809 1127 diriyatur
853 1053 916 1112 in
949 1058 1149 1128 parte
1170 1072 1200 1112 3
1243 1053 1534 1112 Franciae
1579 1057 1636 1110 et
1681 1052 1928 1112 Galliae.
2031 1053 2080 1129 Q
2102 1072 2142 1112 u
2164 1072 2197 1112 o
2221 1053 2260 1112 d
2316 1053 2419 1111 im
2443 1089 2461 1097 -

207 1141 473 1214 plere
531 1141 1050 1212 omittimus,
1105 1142 1341 1217 quia,
1388 1143 1525 1201 dum
1569 1140 1698 1200 Deo
1739 1142 2000 1215 propitio
2047 1147 2148 1201 tua
2190 1142 2466 1201 sanctitas

218 1234 513 1302 superstes
556 1231 771 1300 eoeistit,
819 1232 919 1306 qui
963 1232 1115 1291 sedis
1166 1231 1509 1306 apostolicae
1567 1235 1624 1289 et
1677 1236 1934 1290 nostram
1991 1231 2116 1290 illic
2162 1235 2466 1304 presentas

219 1317 423 1400 vicem,
471 1319 655 1378 alium
698 1320 831 1379 illu
853 1339 882 1380 c
926 1321 1176 1395 diriyere
1220 1320 1602 1379 necessarium
1644 1338 1758 1378 non
1801 1325 1898 1379 est.

448 1406 603 1483 Quos
644 1414 835 1468 autem
877 1409 1183 1484 repereris,
1231 1409 1621 1468 amantissime
1669 1410 1879 1479 frater,
1927 1409 2188 1468 habentes
2244 1427 2312 1467 sa
2332 1427 2372 1466 n
2395 1428 2464 1467 ae

135 1511 183 1549 10
220 1495 520 1555 doctrinae
586 1498 881 1557 scientiam
946 1497 1396 1572 vitaeque⁰
1463 1498 1994 1572 puritatem,
2073 1497 2174 1556 hos
2241 1497 2464 1556 mittere

221 1585 407 1654 stude,
455 1585 518 1644 in
562 1587 766 1660 quibus
799 1588 1131 1661 previderis
1176 1587 1315 1646 locis
1358 1588 1435 1645 ad
1469 1587 1892 1660 predicandum
1942 1587 2176 1645 verbum
2233 1587 2456 1646 salutis.

445 1672 703 1734 Concilia
746 1695 900 1745 vero,
956 1677 1279 1751 ayyreqatis
1336 1675 1616 1750 episcopis
1662 1675 2140 1750 provincialibus,
2201 1675 2299 1733 ubi
2359 1675 2464 1734 tibi

220 1767 442 1821 rectum
485 1764 731 1833 videtur,
792 1766 1012 1844 celebra
1032 1785 1067 1822 r
1088 1754 1155 1823 id
1196 1783 1475 1838 procura,
1537 1769 1593 1822 et
1634 1783 1774 1838 quos
1817 1765 2105 1823 deviantes
2155 1764 2459 1832 inveneris,

221 1853 509 1924 confunde
572 1854 756 1924 facies
822 1872 1017 1913 eorum
1074 1853 1407 1928 iynominia,
1478 1857 1543 1912 ut
1597 1854 1714 1912 sint
1772 1872 1966 1912 coram
2023 1853 2282 1913 omnibus
2339 1853 2463 1912 sine

137 1955 185 1992 15
220 1940 450 2000 honore.

441 2028 805 2104 Suscepimus
850 2037 904 2090 et
946 2037 1167 2090 cartam
1225 2032 1265 2090 d
1286 2050 1316 2089 6
1382 2049 1484 2089 ver
1506 2050 1546 2089 a
1603 2035 1658 2089 et
1715 2031 1953 2090 catholic
1974 2050 2012 2089 a
2081 2032 2121 2101 f
2134 2031 2158 2088 i
2180 2031 2221 2089 d
2243 2049 2271 2088 e
2338 2048 2462 2089 con-

220 2119 521 2192 scriptam,
583 2138 754 2193 quam
814 2119 977 2179 cume
1033 2120 1419 2180 dilectissimis
1481 2121 1643 2178 nobis
1700 2120 1978 2194 episcopis
2025 2119 2226 2194 partis
2269 2119 2460 2178 Fran-

223 2225 420 2266 corum
469 2213 569 2268 tua
612 2209 833 2268 diremit
874 2209 1184 2268 reverenda
1230 2209 1594 2280 fraternitas.
1687 2209 1763 2266 H
1777 2227 1816 2267 a
1836 2228 1876 2267 n
1899 2227 1928 2267 c
1971 2209 2102 2267 ita
2123 2228 2158 2283 q
2181 2228 2220 2267 u
2244 2227 2272 2266 e
2315 2226 2460 2267 rese-

222 2301 439 2366 rantes,
508 2298 686 2356 nimio
750 2298 961 2373 qaudio
1028 2317 1225 2358 sumus
1290 2298 1494 2372 repleti
1560 2298 2003 2357 innumerabiles
2024 2317 2059 2372 q
2081 2317 2122 2356 u
2145 2317 2173 2356 e
2238 2299 2465 2370 qratia-5·

140 2398 190 2436 20
223 2405 295 2461 aq
316 2386 341 2444 i
364 2405 425 2444 m
448 2405 487 2445 u
510 2405 539 2445 3
555 2375 580 2417 f
633 2386 759 2445 Deo
804 2387 1186 2462 omnipotenti,
1235 2387 1374 2461 quia
1418 2387 1850 2446 unanimitatem
1903 2405 2098 2445 eorum
2156 2388 2234 2446 ad
2292 2387 2459 2446 socie·

226 2479 397 2533 tatem
443 2480 699 2534 nostram
742 2495 1011 2536 revocare
1056 2477 1323 2550 diynatus
1367 2480 1465 2534 cst.
1560 2475 1782 2534 Nostra
1827 2481 2014 2534 autem
2073 2476 2211 2544 vice,
2272 2476 2460 2534 karis-

224 2563 383 2633 sime,
435 2583 622 2623 omnes
665 2565 729 2623 in
773 2567 961 2624 osculo
994 2565 1167 2640 pacis
1215 2564 1475 2624 Christig
1524 2565 1734 2622 saluta.

440 2652 780 2712 Intimatum
838 2658 922 2713 est
985 2654 1143 2712 etia
1165 2672 1223 2712 m
1286 2673 1324 2712 a
1384 2658 1483 2712 tua
1499 2639 1532 2682 ¹²
1599 2653 1915 2722 sanctitate,
1977 2653 2127 2726 quod
2180 2652 2464 2725 Viryilius

225 2741 342 2812 ille,
392 2773 480 2780 —
525 2743 821 2812 nescimus,
852 2743 907 2802 si
936 2743 1165 2802 dicatur
1183 2742 1492 2817 presbiter,
1538 2770 1628 2778 —
1672 2741 2020 2816 maliynatus
2048 2741 2352 2799 adversum
2388 2746 2457 2809 te,

144 2841 191 2880 25
226 2849 285 2889 eo
330 2831 483 2906 quod
542 2851 580 2890 a
601 2851 636 2890 r
656 2851 691 2906 9
714 2851 753 2890 u
776 2833 975 2891 ebatur
1032 2851 1071 2890 a
1130 2837 1180 2890 te
1238 2849 1477 2890 erroneu
1500 2849 1529 2889 3
1586 2848 1703 2889 6336
1763 2849 1801 2888 a
1859 2830 2136 2889 catholica
2179 2830 2460 2898 doctrina,

226 2908 564 2980 seminaret¹
626 2921 818 2979 odium
875 2921 1025 2980 inter
1072 2925 1122 2978 te
1181 2925 1235 2979 et
1282 2920 1473 2979 Otilon
1487 2938 1515 2977 6
1528 2937 1586 2976 m
1605 2908 1642 2949 ¹⁵
1693 2920 1802 2977 duc
1815 2937 1844 2976 e
1859 2937 1914 2976 m
1959 2919 2389 2993 Bayoariorum
2404 2907 2422 2948 ¹
2439 2963 2458 2986 ,

227 3009 515 3080 dicens,
564 3011 713 3084 quod
758 3029 796 3069 a
838 3010 999 3069 nobis
1050 3008 1563 3084 acciperetm
1614 3007 2106 3078 licentiam,
2162 3012 2241 3066 ut
2289 3008 2464 3066 unius

228 3097 486 3169 defuncti
552 3117 625 3158 ex
692 3104 936 3174 quatuor
1001 3099 1125 3158 illis
1192 3098 1488 3173 episcopis,
1553 3115 1694 3172 quos
1761 3102 1862 3156 tua
1926 3097 2050 3156 illic
2072 3097 2104 3127 ¹¹
2171 3097 2468 3156 ordinavit

229 3187 592 3257 fraternitas,
640 3188 905 3247 diocesim
950 3187 1195 3246 obtinere
1219 3192 1257 3246 t.
1342 3187 1506 3265 Quod
1548 3205 1904 3261 nequaquam
1947 3205 2147 3245 verum
2191 3191 2290 3254 est,
2323 3186 2466 3260 quia

148 3285 196 3324 30
228 3279 463 3337 mentita
508 3282 592 3336 est
632 3277 910 3351 iniquitas
952 3276 1081 3336 sibi.
1188 3275 1283 3334 De
1328 3294 1614 3350 perversa
1671 3281 1859 3334 autem
1917 3275 2196 3343 doctrina,
2266 3293 2381 3348 qua
2402 3293 2462 3332 m

230 3371 428 3425 contra
471 3365 663 3425 Deum
708 3371 764 3424 et
806 3366 1059 3426 animam
1104 3384 1270 3424 suam
1316 3367 1534 3424 locutus
1570 3369 1669 3433 est,
1703 3364 1852 3438 quod
1895 3383 1926 3423 3
1947 3383 1978 3422 6
1998 3364 2023 3422 i
2046 3365 2067 3423 l
2089 3365 2114 3422 i
2137 3383 2166 3422 c
2187 3367 2265 3421 et
2307 3363 2465 3422 alius

229 3457 475 3514 mundus
532 3460 586 3514 et
642 3456 750 3514 alii
807 3456 1058 3514 homines
1114 3455 1217 3514 sub
1264 3459 1423 3512 terra
1480 3454 1598 3512 sint
1655 3453 2006 3528 aliusque
2064 3454 2150 3511 sol
2195 3457 2260 3510 et.
2300 3453 2458 3520 luna,

230 3543 280 3600 si
339 3563 369 3602 c
392 3563 425 3603 o
446 3564 487 3602 n
508 3545 749 3603 victu
771 3563 801 3603 s
859 3544 1045 3615 fuerit
1098 3543 1185 3602 ita
1230 3541 1503 3614 confiteri,
1558 3543 1723 3611 hunc,
1785 3561 1824 3600 a
1846 3560 1875 3599 c
1897 3542 2028 3600 cito
2073 3541 2326 3609 concilia,
2389 3541 2464 3598 ab

227 3633 463 3710 ecclesia
496 3633 718 3708 pelle0,
766 3632 1070 3691 sacerdotii
1115 3632 1321 3690 honore
1366 3631 1687 3705 privatum.
1783 3628 1831 3688 S
1849 3649 1878 3688 e
1900 3631 1939 3688 d
1997 3630 2087 3688 etp
2140 3648 2260 3698 nos,
2321 3629 2459 3688 scri·

147 3729 196 3768 ³5
231 3721 414 3781 bentes
447 3722 709 3796 predicto
754 3721 905 3790 duci,
953 3721 1303 3780 evocatorias
1348 3721 1387 3778 d
1400 3739 1428 3778 6
1462 3719 1864 3795 prenominato
1896 3718 2140 3792 Viryilio
2183 3718 2468 3777 mittimus

232 3809 451 3879 literaS,
498 3815 579 3879 ut,
626 3811 786 3870 nobis
832 3815 1197 3884 presentatus
1242 3815 1296 3868 et
1351 3809 1548 3868 subtili
1605 3809 1967 3884 indayatione
2026 3807 2352 3882 requisitus,
2409 3807 2462 3865 si

232 3917 499 3959 erroneus
544 3900 729 3970 fuerit
777 3899 1054 3968 inventus,
1104 3899 1390 3958 canonicis
1448 3898 1782 3956 decretis
1841 3897 2248 3957 condemnetur.
2349 3895 2466 3972 Qui

232 3989 379 4047 enim
424 3989 705 4047 seminant
746 3989 988 4057 dolore-3,
1035 3992 1250 4046 metunt
1290 4005 1399 4046 eos.

443 4193 545 4232 VII.
602 4193 707 4241 Gap.
736 4193 776 4232 9.
835 4193 874 4231 1.
906 4193 973 4231 2α.
990 4192 1030 4232 b.
1047 4202 1083 4231 c.

147 4284 199 4323 40
232 4289 275 4340 a)
301 4301 513 4340 superscr.
544 4293 611 4330 2ο.
748 4290 794 4339 b)
829 4300 945 4331 corr.
972 4300 1161 4338 operare
1190 4290 1258 4331 212.
1396 4289 1436 4340 e)
1474 4299 1562 4338 que
1589 4298 1807 4336 superscr.
1849 4288 1913 4329 2b.
2049 4285 2096 4338 d)
2133 4288 2362 4326 celebrare
2399 4285 2466 4328 20.

234 4343 275 4393 Θ)
315 4343 391 4387 dil.
420 4355 521 4382 oum
558 4344 622 4396 2b,
650 4355 761 4383 corr.
925 4344 959 4394 1¹)
1002 4343 1171 4389 egimus
1209 4343 1275 4382 2b.
1438 4342 1755 4394 mvsaperser.
1794 4342 1853 4381 20.
2005 4340 2052 4391 h)
2096 4352 2131 4380 s,
2163 4345 2242 4379 tua
2277 4341 2346 4378 2a.
2365 4339 2404 4378 b.
2425 4350 2466 4377 c.

233 4396 263 4444 i)
300 4398 533 4437 seminarit
570 4398 635 4436 2b.
774 4395 822 4446 k)
857 4397 923 4434 ita
958 4397 1001 4436 h.
1033 4397 1063 4435 l.
1096 4397 1119 4434 1
1154 4407 1250 4434 cum
1286 4395 1457 4444 Epist.;
1492 4396 1719 4436 Otilonem
1757 4396 1824 4436 2a.
1845 4395 1884 4433 b.
1905 4405 1939 4434 c.
2052 4395 2083 4442 l)
2116 4394 2298 4437 Baioar.
2329 4393 2398 4431 2α.
2421 4392 2466 4432 b.

232 4451 291 4500 m)
322 4451 540 4499 acciperit
566 4461 678 4492 corr.
707 4451 932 4498 acceperit
960 4450 1025 4490 2b.
1154 4449 1199 4499 n)
1238 4449 1331 4491 ord.
1368 4449 1460 4487 illic
1491 4451 1529 4487 1.
1656 4448 1700 4498 o)
1729 4449 1946 4496 compelle
1976 4448 2038 4489 2b.
2159 4447 2206 4498 p)
2244 4457 2367 4484 versu
2397 4456 2469 4488 ex.

224 4509 375 4549 postea
410 4505 552 4552 suppl.
581 4507 620 4543 1.
