3167 5192
1159 489 1615 547 PRAEFATIO.
2342 494 2503 547 XLV

264 668 540 746 fortasse
585 691 617 733 e
663 669 976 735 codicibus
1023 670 1549 754 Sanyallensibus
1598 670 1729 754 (2a.
1764 672 1857 757 α’)
1908 674 2303 757 depromptis,
2353 697 2505 758 quos

273 756 613 823 Gretserus
657 766 1018 823 excusserat
1034 760 1076 823 1.

480 846 567 911 In
635 846 907 912 editione
982 856 1214 930 quarta
1281 849 1628 915 Laurentii
1698 850 1752 915 S
1759 872 1803 914 u
1818 849 1967 933 rii,
2046 852 2148 916 De
2210 854 2505 933 probatis

264 939 630 999 sanctorum
680 935 833 1000 vitis
892 935 934 1016 (
941 937 1091 1020 VI),
1153 938 1410 1019 Iunius,
1483 938 1783 1004 Coloniae
1842 940 2246 1022 Ayrippinae
2313 948 2498 1022 1618,

201 1047 226 1086 5
251 1030 936 1178 p’t49—1571'23textloe
995 1026 1392 1179 Βςῖανὶαηαε
1447 1026 1716 1128 iteratus
1774 1035 1879 1110 est,
1951 1028 2206 1095 Canisii
2265 1050 2501 1112 quoque

261 1132 343 1176 ra
371 1133 513 1177 ione
603 1136 645 1178 a
683 1135 707 1177 i
736 1136 779 1178 a
825 1136 856 1178 e
927 1136 1070 1197 capi
1086 1138 1128 1180 ‘e
1173 1137 1338 1180 nono
1387 1137 1636 1181 omisso.

476 1220 803 1285 Iohannes
833 1221 927 1285 M
934 1221 1284 1304 abillon,
1319 1222 1485 1287 Acta
1515 1230 1879 1288 sanctorum
1916 1223 2166 1289 ordinis
2197 1225 2263 1291 S.
2296 1224 2498 1290 Bene-

259 1306 433 1389 dicti,
480 1310 798 1374 saeculum
828 1310 979 1391 III,
1017 1331 1184 1392 pars
1213 1313 1506 1392 secunda,
1541 1311 1833 1377 Lutetiae
1864 1312 2272 1377 Parisiorum
2310 1320 2495 1395 1672,

246 1418 319 1477 p.
371 1403 542 1461 4-2
553 1404 608 1477 7,
657 1398 833 1463 nullo
877 1397 1084 1464 codice
1129 1399 1431 1481 adhibit0,
1497 1400 1709 1465 Vitam
1754 1400 1844 1465 ad
1886 1400 2190 1467 editiones
2246 1401 2499 1468 Canisii

171 1510 222 1547 ιο
259 1491 321 1549 et
365 1485 620 1551 Serarii
665 1487 996 1553 recensuit.

483 1574 1478 1655 GodefredusHenschenius
1508 1578 1835 1643 etDaniel
1857 1578 2493 1662 Papebrochius,

256 1662 426 1727 Acta
482 1670 844 1729 sanctorum
904 1662 1094 1730 Iunii
1152 1667 1212 1745 I,
1283 1666 1674 1747 Antverpiae
1742 1673 1928 1749 1695,
1987 1690 2062 1751 p.
2119 1672 2491 1748 460-472,

242 1758 510 1831 praeter
575 1752 880 1818 editiones
940 1754 1200 1835 priores
1267 1754 1534 1820 codicem
1606 1755 1673 1820 S.
1743 1755 2108 1820 Maccimini
2176 1753 2307 1840 (2c)
2388 1760 2494 1823 ad-

255 1839 615 1906 hibuerunt.

167 1954 216 1992 15
470 1931 638 1995 Dom
696 1931 960 1996 Martin
1017 1931 1419 2014 Bouquet,
1484 1931 1761 1998 ‘Recueil
1820 1934 1927 1997 des
1986 1933 2326 1999 historiens
2386 1936 2495 1999 des

263 2018 504 2083 Gaules
547 2026 607 2083 et
650 2021 724 2085 de
773 2021 839 2084 la
883 2022 1162 2086 France'
1211 2022 1362 2099 III,
1418 2022 1705 2087 Parisiis
1757 2027 1945 2103 1741,
1996 2044 2067 2104 p.
2119 2029 2488 2103 664-666,

251 2113 314 2170 et
372 2107 442 2188 V,
511 2114 698 2190 1744,
756 2131 828 2191 Ρ.
886 2115 1256 2191 424-425,
1318 2111 1602 2189 frustula
1660 2133 1693 2175 e
1752 2110 2142 2175 Mabillonio
2200 2119 2489 2194 ecccerpta

247 2194 526 2260 iteravit.

477 2285 787 2368 Georgius
832 2286 1188 2353 Heinricus
1233 2289 1506 2369 Perta,
1556 2288 1649 2351 M
1652 2288 1731 2354 G.
1768 2288 2119 2370 Scriptores
2149 2289 2255 2369 II,
2304 2290 2487 2355 Han-

159 2399 210 2437 20
248 2394 518 2439 noverae
570 2382 758 2456 1829,
813 2398 881 2458 Ρ.
925 2383 1294 2457 333—353,
1342 2376 1643 2459 inprimis
1690 2376 1957 2443 codicem
2004 2384 2042 2441 3
2090 2384 2333 2443 secutus
2378 2385 2485 2458 est,

247 2462 436 2527 libris
480 2484 719 2545 quoque
767 2466 844 2529 21>
891 2471 948 2529 et
993 2472 1069 2530 4c
1115 2465 1436 2532 adhibitis.

462 2571 523 2634 Ι.
586 2570 669 2635 Α.
735 2570 997 2653 Giles,
1063 2572 1287 2637 Sancti
1345 2572 1691 2651 Bonifacii
1750 2592 1941 2653 opera
2001 2572 2104 2653 ΙΙ,
2167 2573 2484 2637 Londinii

252 2664 443 2740 1844,
480 2680 548 2741 Ρ.
593 2667 935 2725 143-182
988 2657 1099 2742 (cf.
1133 2683 1209 2745 p.
1245 2661 1423 2744 271),
1472 2668 1703 2726 textum
1737 2660 2163 2726 Serarianum
2208 2661 2479 2741 iteravit,

245 2746 400 2811 locis
444 2748 773 2813 nonnullis
809 2750 899 2813 ad
927 2750 1343 2815 Pertzianum
1376 2748 1743 2815 emendatis.
1821 2750 2117 2814 Eandem
2147 2749 2480 2815 editionem

159 2862 208 2899 25
243 2834 414 2900 idem
455 2836 688 2901 iterum
721 2838 1056 2919 proposuit
1097 2838 1171 2902 in
1216 2838 1376 2903 libro
1423 2860 1463 2902 a
1509 2838 1801 2903 societate
1842 2837 2249 2903 C'aoetoniana
2280 2838 2481 2903 edito:

260 2924 411 2989 Vita
484 2928 884 3006 quorundum
911 2925 990 3013 (J)
1060 2928 1306 3011 Anyto·
1326 2927 1684 3007 Saxonum,
1759 2925 2086 3008 ‘Oriyinal
2152 2927 2345 2992 Lives
2412 2929 2493 3007 of

243 3012 804 3096 Anyto-Saoeons',
854 3015 1169 3080 Londinii
1221 3022 1408 3097 1854,
1444 3039 1516 3098 Ρ.
1574 3022 1941 3081 157-197,

460 3121 552 3184 M
558 3120 587 3185 i
596 3143 745 3203 qne
757 3172 776 3203 ,
824 3121 1196 3204 Patroloyia
1227 3122 1476 3187 Latina
1505 3122 1932 3203 LXXXIX,
1967 3122 2253 3187 Parisiis
2290 3129 2476 3203 1850,

243 3210 356 3274 col.
429 3216 799 3292 603—634,
877 3210 1208 3275 editionem
1275 3211 1655 3277 Mabillonii
1722 3214 1924 3276 denuo
1991 3210 2478 3292 imprimendam

161 3323 209 3361 30
243 3298 513 3363 curavit.

460 3387 801 3469 Philippus
856 3388 918 3454 J
923 3410 966 3453 a
979 3388 1104 3469 sse
1117 3440 1136 3471 ,
1197 3388 1596 3455 Bibliotheca
1659 3410 1873 3454 rerum
1942 3388 2483 3454 Germanicarum

245 3476 386 3541 III
411 3475 865 3556 (Monumenta
895 3476 1341 3561 Moyuntina),
1389 3477 1691 3543 Berolini
1729 3484 1915 3559 1866,
1954 3500 2023 3560 p.
2059 3483 2405 3542 429—471
2432 3480 2473 3558 2,

231 3566 489 3647 primus
535 3565 740 3631 codice
775 3573 806 3629 1
859 3566 1091 3631 eccimio
1135 3588 1306 3648 usus,
1355 3566 1663 3633 adhibitis
1708 3588 1945 3650 quoque
1990 3565 2177 3632 libris
2210 3573 2247 3629 3
2279 3574 2339 3631 et
2369 3573 2472 3647 4a,

244 3660 476 3719 temtum
519 3656 708 3719 multo
753 3655 1070 3720 meliorem
1115 3656 1437 3721 constituit
1479 3678 1670 3737 quam
1700 3658 2063 3737 decessores,
2096 3677 2477 3738 quamquam

161 3767 208 3805 35
243 3763 587 3807 sermonem
631 3744 992 3809 mendosum
1037 3744 1141 3809 hic
1187 3743 1319 3810 illic
1352 3746 1504 3826 plus
1546 3744 1711 3809 iusto
1757 3747 1846 3810 ad
1874 3745 2111 3809 codices
2141 3745 2478 3810 deteriores

243 3833 322 3897 ab
367 3854 438 3897 eo
486 3838 825 3898 correctum
869 3854 999 3898 esse
1051 3839 1210 3899 recte
1267 3832 1512 3898 monuit
1566 3856 1625 3897 v.
1673 3855 1725 3899 c.
1781 3834 1853 3897 Ο.
1903 3833 2413 3917 Holder-Eyyer
2431 3836 2473 3897 3.

245 4044 298 4111 1)
343 4044 591 4095 Codicum
617 4043 1071 4109 Sanqalknsium,
1107 4059 1336 4110 quorum
1371 4045 1432 4095 in
1467 4044 1689 4095 editione
1726 4046 1917 4095 mentio
1954 4060 2061 4097 non
2098 4044 2175 4110 fit,
2213 4044 2475 4095 Serarius

243 4117 480 4166 meminit
528 4116 589 4165 in
624 4114 864 4180 Moyunt,
903 4130 1089 4165 rerum
1136 4114 1292 4166 libris
1336 4132 1392 4182 p.
1431 4116 1537 4169 475
1561 4130 1639 4181 sq.
1679 4117 1800 4169 549.
1837 4118 1958 4170 555.
1998 4117 2137 4175 574;
2192 4114 2474 4165 Gretserus
2602 4120 2617 4129 ·

240 4201 294 4251 p.
319 4188 440 4241 549.
477 4192 930 4237 commemoratur.
1039 4184 1094 4254 2)
1136 4186 1314 4237 ‘Vitae
1343 4188 1519 4236 sancti
1539 4186 1810 4251 Bonifatii
1834 4187 2223 4253 archiepiscopi
2246 4186 2473 4249 Moyun-

161 4264 210 4301 40
245 4256 366 4306 tini’
405 4258 529 4307 inde
563 4260 721 4307 etiam
755 4259 1051 4324 separatim
1085 4256 1330 4322 vulgatae
1358 4261 1486 4307 sunt
1511 4256 1781 4323 (Berolini
1805 4259 1979 4324 1866).
2004 4288 2075 4295 —
2098 4256 2315 4307 Partem
2352 4270 2393 4310 c.
2418 4260 2468 4309 4.

248 4328 318 4377 ad
373 4328 634 4391 synodum
693 4328 1018 4379 Saxonicam
1077 4332 1393 4394 spectantem
1454 4330 1785 4379 iteraverunt
1844 4327 2086 4379 Haddan
2152 4331 2199 4379 et
2259 4326 2471 4391 Stubbs,

249 4397 509 4451 ‘Gouncils
557 4398 668 4449 and
702 4398 1098 4450 Ecclesiastical
1132 4397 1454 4450 Documents
1502 4400 1736 4463 relatinq
1785 4402 1839 4449 to
1881 4399 2048 4450 Great
2085 4398 2309 4450 Britain
2359 4401 2473 4451 and

245 4468 488 4521 Ireland’
527 4469 638 4534 III,
680 4467 878 4521 Oxom’i
914 4471 1070 4533 1871,
1113 4486 1172 4536 p.
1209 4472 1508 4525 295—296.
1656 4472 1709 4535 3)
1755 4468 1851 4523 SS.
1892 4470 2017 4535 XV,
2055 4472 2145 4537 82,
2190 4486 2245 4526 n.
2282 4471 2333 4525 8.
