3167 5192
751 517 855 571 102
926 512 1118 567 VITA
1143 512 1462 582 QUARTA
1494 511 1903 567 BONIFATII
1936 512 2298 568 AUCTORE
2331 512 2808 569 MOGUNTINO.
3154 456 3157 631 1

750 701 822 761 et
854 697 1029 760 Lul²
1069 690 1351 760 lotiab·1
1396 696 1469 758 in
1517 699 1896 761 testaceum
1950 717 2065 760 vas
2113 697 2479 761 collocavit
2527 701 2596 762 et
2643 697 2770 761 sub
2801 699 3004 760 terra
3155 672 3157 707 ¹

747 787 931 850 fodit
984 786 1058 849 in
1118 785 1289 861 1000,
1353 786 1475 848 ubi
1534 807 1719 848 nunc
1780 786 2004 849 sancti
2051 786 2429 849 Bonifatii⁰
2489 786 2776 873 ecclesia
2839 806 2998 849 con·

750 878 1017 939 structa
1062 876 1297 939 manet
1317 874 1358 945 ²,
1409 896 1449 937 a
1496 876 1964 958 septentrione
2000 875 2347 961 ecclesiae,
2383 896 2556 957 quae
2591 876 2996 938 nominatur

749 964 1233 1047 baptisterium
1284 958 1880 1037 Iohannisd·³;·in
1928 984 2062 1046 qua
2109 985 2323 1046 usque
2359 965 2582 1041 hodie,
2616 967 2696 1026 ut
2727 964 2990 1040 ferunt,

750 1053 1162 1117 vestimenta
1207 1053 1277 1114 in
1328 1053 1578 1136 quibus
1627 1072 1865 1135 passus
1913 1059 2018 1116 est
2065 1054 2138 1115 in
2188 1054 2398 1117 archa
2445 1055 2675 1136 lignea
2734 1054 2988 1117 iacent.
3038 1073 3068 1113 5
3155 1078 3157 1083 ·

750 1142 835 1204 In
887 1142 1128 1206 eadem
1175 1142 1427 1224 quippe
1479 1142 1779 1217 civitate,
1831 1145 1910 1203 ut
1958 1142 2188 1206 accole
2250 1142 2440 1205 illius
2502 1145 2771 1226 putant,
2837 1162 2992 1205 nus-

748 1252 974 1313 quam,
1026 1230 1329 1314 exceptis
1381 1234 1754 1313 martyrum
1805 1231 2222 1314 corporibus,
2285 1234 2430 1294 tam
2492 1252 2744 1314 magna
2803 1250 2991 1293 sanc-

748 1320 919 1383 titas
990 1319 1206 1383 claret
1275 1322 1355 1381 ut
1416 1319 1489 1381 in
1560 1319 1956 1403 supradicta
2025 1320 2334 1404 ecclesia.
2449 1320 2661 1389 Multi
2730 1320 2990 1384 etenim

747 1412 957 1472 1511110θ
1012 1408 1229 1484 fuere,
1292 1409 1411 1490 qui
1458 1408 1832 1491 cupiebant
1892 1413 2207 1471 sanctum
2269 1430 2514 1491 corpus
2575 1408 2829 1473 ibidem
2891 1428 2992 1471 re·

748 1518 1047 1561 manere.
1154 1496 1359 1559 Lullo
1422 1501 1655 1561 autem
1713 1491 2088 1561 retinentif
2148 1498 2752 1580 reminiscentique
2811 1498 2992 1560 iura--
3031 1519 3088 1557 ιο

752 1587 973 1650 menti
990 1586 1033 1664 4,
1108 1586 1451 1669 apparuit,
1522 1588 1604 1647 ut
1675 1586 1930 1659 dicunt,
2003 1588 2282 1651 sanctus
2356 1587 2626 1650 cuidam
2699 1588 2991 1650 diacono

747 1676 1071 1740 nomineg
1124 1673 1485 1758 Otperaht,
1536 1675 1772 1739 dicens
1820 1676 1909 1739 ad
1957 1696 2145 1739 eum:
2202 1674 2393 1751 ‘Dic‘,
2442 1676 2688 1758 inquit,
2741 1675 2987 1750 ‘Lu110,

748 1767 830 1827 ut
878 1786 1102 1829 meum
1154 1784 1399 1847 corpus
1432 1764 1519 1827 ad
1552 1764 1781 1828 locum
1811 1758 2302 1847 requietionish
2342 1785 2534 1829 meae
2567 1763 2988 1827 transferat’.

749 1853 995 1916 Multis
1044 1873 1205 1934 ergo
1255 1853 1716 1917 hesitantibus
1765 1856 1836 1917 et
1882 1874 2022 1917 non
2069 1854 2509 1917 credentibus
2531 1852 2572 1930 5,
2607 1853 2742 1916 Lul
2774 1854 2990 1917 archi·

751 1935 1146 2025 episcopusi
1168 1994 1181 2017 ,
1218 1945 1637 2025 congregata
1669 1942 2119 2007 multitudine
2151 1942 2616 2025 reliquiarum,
2668 1936 2782 2005 etk
2818 1942 2992 2006 fecit
3031 1961 3084 2000 15

751 2050 906 2094 eum
956 2032 1201 2105 iurare,
1266 2032 1447 2112 quod
1510 2032 1612 2093 ita
1675 2052 1746 2095 se
1806 2032 2112 2109 haberet,
2179 2032 2359 2094 sicut
2419 2032 2784 2097 referebat.
2892 2031 2992 2094 At

750 2119 891 2195 ille,
942 2120 1241 2184 extensis
1289 2121 1598 2202 utrisque
1647 2120 1945 2184 brachiis
1993 2140 2197 2203 super
2245 2120 2464 2185 altare
2511 2125 2581 2185 et
2640 2120 2987 2202 reliquias,

750 2208 994 2272 orabat
1041 2208 1415 2271 Dominum
1464 2216 1535 2272 et
1582 2212 1857 2273 sanctos
1919 2210 2085 2286 eius,
2151 2230 2440 2291 quorum
2499 2209 2832 2293 reliquiae
2890 2209 2992 2272 ibi

750 2299 1102 2380 presentes
1157 2300 1374 2371 erant,
1438 2318 1508 2362 se
1568 2298 1672 2360 ita
1732 2299 2076 2375 adiuvare,
2139 2301 2220 2361 ut
2265 2319 2506 2363 verum
2567 2302 2745 2363 esset
2805 2299 2990 2380 quod
3155 2372 3157 2379 Ι

752 2380 1089 2450 dixeratl.
1182 2387 1487 2451 Tandem
1537 2388 1976 2451 credentibus
2025 2387 2288 2470 ceteriS,
2353 2387 2598 2450 Lullus
2659 2387 2990 2470 archiepi-
3027 2406 3083 2444 20
3155 2390 3157 2469 1

750 2495 997 2558 scopus
1028 2476 1399 2539 transitum
1429 2476 1562 2540 viri
1596 2476 1728 2540 Dei
1766 2477 1946 2539 ultra
1969 2476 2241 2541 Renum
2274 2476 2646 2541 honorifice
2679 2477 2989 2559 parabat.

750 2646 905 2735 (11).
998 2651 1783 2738 Qualitercorpus
1845 2654 2030 2717 eius
2089 2654 2636 2717 translatum
2699 2658 2831 2718 est
2893 2654 2992 2717 de

1341 2743 1798 2827 Mogontia
1857 2744 1954 2806 ad
2019 2743 2399 2806 Fuldam.

966 2866 1339 2949 Postquam
1378 2886 1540 2949 ergo
1572 2867 1818 2930 Lullus
1866 2868 2468 2951 archiepiscopusm
2501 2870 2820 2931 sanctum
2855 2889 2992 2931 cor-

752 2975 880 3037 pus
911 2954 1082 3018 lavit
1115 2957 1186 3019 et
1217 2956 1292 3018 in
1322 2957 1611 3021 sindone
1657 2956 1968 3034 involvit,
2019 2957 2630 3021 0011170111011111111136
2672 2956 2993 3021 omnibus
3031 2975 3086 3013 2⁵
3155 3012 3157 3025 .

966 3128 1021 3167 V.
1078 3130 1141 3167 Ca
1206 3157 1215 3167 .
1247 3130 1313 3167 10.
1344 3129 1411 3169 11.
1483 3131 1522 3168 1.
1553 3130 1594 3169 2.

756 3198 798 3247 a)
828 3198 983 3237 Luuus
1012 3199 1050 3241 1.
1081 3140 1200 3238 ΓΚΜ)
1270 3201 1315 3249 b)
1346 3201 1439 3239 lota
1465 3201 1518 3239 F.
1642 3202 1682 3249 0)
1713 3201 1935 3240 Bonisacii
1963 3200 2029 3240 1⁸¹.
2060 3201 2100 3239 2.
2219 3200 2262 3247 d)
2293 3201 2435 3239 sancti
2463 3200 2676 3240 Iohannis
2705 3202 2912 3249 Baptiste
2939 3202 2991 3240 F.
3154 3082 3157 3221 Ι

754 3252 794 3301 e)
837 3255 962 3300 tunm
992 3253 1036 3291 in
1063 3252 1172 3304 ras.)
1202 3253 1241 3291 2.
1404 3254 1437 3303 t)
1468 3255 1531 3292 ita
1559 3255 1685 3295 codd.
1809 3256 1852 3303 g)
1897 3266 1941 3293 n.
1973 3253 2166 3301 Othprat
2192 3254 2258 3301 F,·
2300 3266 2344 3294 n.
2377 3252 2480 3302 Otp.
2513 3265 2597 3293 om.
2628 3256 2668 3293 2.
2834 3254 2882 3303 11)
2923 3266 2993 3293 re·

752 3306 999 3353 quieciom's
1030 3308 1309 3355 (requitionis
1331 3308 1371 3355 1)
1402 3318 1471 3346 me
1500 3313 1556 3347 tr.
1589 3308 1630 3347 1.
1661 3307 1728 3346 1¹⁸¹.
1839 3308 1872 3354 i)
1901 3308 2134 3355 episcopus
2161 3308 2204 3345 F
2226 3308 2334 3352 (non
2361 3308 2484 3354 infra
2513 3309 2541 3348 Ζ.
2567 3308 2653 3355 20).
2767 3306 2812 3355 k)
2846 3318 2930 3347 om.
2953 3310 2991 3346 2.

754 3358 787 3410 1)
817 3356 1027 3398 dixerant
1056 3361 1095 3409 2,
1128 3370 1243 3399 corr.
1356 3360 1415 3412 m)
1445 3362 1682 3411 episcopus
1709 3362 1753 3400 h.
1783 3362 1814 3400 Ζ.
1846 3362 1870 3399 2
1901 3372 1997 3399 cum
2023 3361 2067 3399 F
2089 3362 2197 3408 (non
2225 3361 2348 3407 infra
2373 3372 2420 3408 p.
2443 3362 2642 3410 103‚13).
3029 3362 3083 3401 ³0

756 3500 809 3569 1)
858 3501 1098 3568 Latium,
1150 3518 1293 3570 aqua
1342 3505 1482 3555 unde
1533 3505 1745 3570 aliquid
1792 3504 2031 3555 lavatum
2082 3508 2172 3556 est.
2248 3503 2640 3569 Carpenteriua
2811 3505 2868 3570 2)
2924 3500 2994 3553 In

752 3570 1045 3639 Mogontia
1081 3573 1301 3626 civitate
1336 3574 1395 3625 in
1432 3574 1644 3641 capella
1679 3574 1852 3627 sancti
1889 3572 2155 3625 Bonifatii
2191 3590 2242 3628 a.
2281 3576 2402 3628 823.
2454 3575 2808 3625 manumissio
2845 3576 2994 3637 facta

752 3649 829 3695 est
864 3644 1111 3709 (Dronke
1143 3662 1203 3712 p.
1245 3647 1365 3712 187,
1404 3662 1457 3699 n.
1496 3649 1644 3705 417).
1771 3644 1826 3714 3)
1865 3645 1946 3697 De
1981 3660 2090 3711 qua
2125 3645 2194 3709 cf.
2234 3644 2479 3711 Rettbery
2514 3645 2561 3711 I,
2601 3648 2702 3700 581
2720 3661 2744 3707 ‚·
2782 3645 2994 3696 Schaab

754 3715 791 3769 Ζ.
830 3715 863 3768 Ζ.
901 3715 982 3779 ΙΙ,
1022 3718 1125 3771 306
1151 3732 1258 3783 sqq.
1440 3716 1495 3785 4)
1535 3718 1611 3769 At
1645 3718 1716 3781 cf.
1756 3717 1815 3775 V,
1855 3717 2068 3768 Sturmi
2101 3731 2142 3770 c.
2186 3718 2251 3770 15
2289 3716 2411 3780 (SS.
2451 3716 2530 3781 II,
2571 3719 2732 3783 373).·
2771 3715 2996 3768 Interea

752 3800 885 3837 vero
922 3785 1055 3837 dum
1091 3787 1150 3838 in
1185 3788 1331 3840 hunc
1369 3787 1592 3839 modum
1637 3787 2032 3841 contenderent
2083 3790 2139 3839 et
2176 3785 2368 3839 Lullus
2419 3786 2704 3855 episcopus
2756 3786 2996 3839 civitatis
3033 3796 3086 3835 35

753 3853 900 3907 illius
938 3857 1264 3911 omnimodis
1300 3858 1559 3911 voluisset
1592 3859 1901 3927 prohibere,
1939 3874 2010 3910 ne
2046 3858 2196 3910 beati
2233 3858 2486 3924 martyris
2524 3874 2720 3925 corpus
2759 3856 2831 3910 ad
2867 3857 2995 3909 soli-

752 3926 1001 3980 tudinem
1038 3929 1364 3997 perveniret,
1403 3934 1566 3983 nocte
1601 3946 1704 3998 per
1729 3930 1992 3983 visionem
2029 3928 2312 3981 cuidam
2351 3928 2659 3981 diacono
2697 3932 2996 3981 sanctus

754 3996 965 4051 adstitit
1001 4001 1314 4068 episcopus:
1353 4000 1483 4053 ‘Cur
1517 4001 1642 4066 me',
1694 4001 2026 4069 inquienS,
2067 3999 2309 4051 ‘tardatis
2361 3999 2444 4051 ad
2494 4000 2728 4053 10011111
2781 4016 2995 4052 meum

752 4068 990 4123 Fuldam
1028 4070 1139 4125 def
1151 4077 1335 4125 erre?
1408 4070 1666 4141 Surgite',
1705 4072 1799 4139 ait,
1852 4071 1978 4124 ‘cito
2019 4074 2072 4122 01
2108 4088 2342 4139 propere
2393 4088 2482 4124 me
2532 4071 2590 4123 in
2640 4071 2997 4124 solitudinem

754 4140 825 4193 ad
875 4141 1057 4195 locum
1106 4160 1271 4211 quem
1322 4142 1458 4195 mihi
1505 4143 1934 4211 praedestinavit
1975 4142 2117 4195 Deus
2168 4142 2486 4209 perducite'.
2705 4146 2759 4211 5)
2818 4144 2998 4195 Aliter
3031 4152 3089 4191 40

752 4212 909 4279 Eiyil
956 4214 990 4269 l.
1029 4216 1063 4269 l.
1115 4223 1191 4281 (p.
1230 4217 1361 4274 373)
1376 4232 1395 4266 .·
1450 4214 1633 4267 Nimio
1669 4219 1802 4267 tunc
1841 4220 2028 4267 omnes
2066 4218 2278 4265 terrore
2315 4213 2567 4281 correpti,
2621 4213 2768 4265 ultra
2817 4213 2998 4266 sancti

752 4284 1005 4351 martyris
1042 4285 1168 4337 inde
1204 4285 1494 4338 transitum
1534 4285 1911 4339 contradicere
1950 4285 2264 4338 timuerunt.
2342 4284 2450 4335 Lul
2489 4290 2692 4351 tamen,
2745 4284 2842 4351 qui
2879 4282 2998 4337 illio

756 4358 874 4408 erat
910 4356 1211 4425 episcopus,
1250 4357 1641 4411 revelationem
1677 4358 1851 4409 sancti
1901 4354 2154 4423 martyris
2207 4354 2428 4408 credere
2479 4356 2630 4422 prius
2679 4356 3000 4408 nullatenus

752 4426 943 4497 voluit,
982 4445 1147 4496 quam
1183 4428 1229 4479 is
1265 4428 1359 4495 qui
1396 4428 1662 4482 visionem
1700 4427 1914 4481 viderat
1956 4443 2181 4479 manum
2233 4442 2384 4478 sacro
2438 4426 2598 4479 altari
2647 4426 3002 4494 imposuisset

755 4500 813 4550 et
862 4514 988 4550 cum
1036 4498 1344 4552 iuramento
1382 4502 1487 4554 hoc
1538 4499 1688 4567 quod
1734 4498 1948 4553 viderat
1994 4496 2382 4553 confirmasset.
2551 4501 2604 4565 6)
2653 4498 3004 4550 Willibaldus
3037 4504 3093 4546 45
