<?xml version="1.0" encoding="UTF-8"?>
<!DOCTYPE html PUBLIC "-//W3C//DTD XHTML 1.0 Transitional//EN"
    "http://www.w3.org/TR/xhtml1/DTD/xhtml1-transitional.dtd">
<html xmlns="http://www.w3.org/1999/xhtml" xml:lang="en" lang="en">
 <head>
  <title>
</title>
<meta http-equiv="Content-Type" content="text/html;charset=utf-8" />
  <meta name='ocr-system' content='tesseract 3.04.00' />
  <meta name='ocr-capabilities' content='ocr_page ocr_carea ocr_par ocr_line ocrx_word'/>
</head>
<body>
  <div class='ocr_page' id='page_1' title='image "./vitaesanctiboni00mogugoog_0143.png"; bbox 0 0 3167 5192; ppageno 0'>
   <div class='ocr_carea' id='block_1_1' title="bbox 731 534 2625 600">
    <p class='ocr_par' dir='ltr' id='par_1_1' title="bbox 731 534 2625 600">
     <span class='ocr_line' id='line_1_1' title="bbox 731 534 2625 600; baseline -0.004 0"><span class='ocrx_word' id='word_1_1' title='bbox 731 546 804 600; x_wconf 84' lang='lat'>50</span> <span class='ocrx_word' id='word_1_2' title='bbox 1050 538 1244 595; x_wconf 76' lang='lat' dir='ltr'>VITA</span> <span class='ocrx_word' id='word_1_3' title='bbox 1277 536 1685 595; x_wconf 79' lang='lat' dir='ltr'><strong>BONIFATII</strong></span> <span class='ocrx_word' id='word_1_4' title='bbox 1721 535 2076 593; x_wconf 81' lang='lat' dir='ltr'>AUCTORE</span> <span class='ocrx_word' id='word_1_5' title='bbox 2112 534 2625 592; x_wconf 83' lang='lat' dir='ltr'><strong>WILLIBALDO.</strong></span> 
     </span>
    </p>
   </div>
   <div class='ocr_carea' id='block_1_2' title="bbox 401 720 3142 3555">
    <p class='ocr_par' dir='ltr' id='par_1_2' title="bbox 401 720 3142 3555">
     <span class='ocr_line' id='line_1_2' title="bbox 731 720 2987 807; baseline -0.004 -17"><span class='ocrx_word' id='word_1_6' title='bbox 731 724 978 789; x_wconf 84' lang='lat' dir='ltr'>tamim&#39;</span> <span class='ocrx_word' id='word_1_7' title='bbox 1034 723 1254 807; x_wconf 84' lang='lat' dir='ltr'>igitur</span> <span class='ocrx_word' id='word_1_8' title='bbox 1305 723 1380 785; x_wconf 92' lang='lat' dir='ltr'>in</span> <span class='ocrx_word' id='word_1_9' title='bbox 1425 720 1725 786; x_wconf 88' lang='lat' dir='ltr'>Domino</span> <span class='ocrx_word' id='word_1_10' title='bbox 1784 725 1857 785; x_wconf 91' lang='lat' dir='ltr'>et</span> <span class='ocrx_word' id='word_1_11' title='bbox 1916 721 2381 805; x_wconf 79' lang='lat' dir='ltr'>permissionis</span> <span class='ocrx_word' id='word_1_12' title='bbox 2440 740 2605 785; x_wconf 88' lang='lat' dir='ltr'>suae</span> <span class='ocrx_word' id='word_1_13' title='bbox 2664 720 2987 803; x_wconf 82' lang='lat' dir='ltr'>gratiam</span> 
     </span>
     <span class='ocr_line' id='line_1_3' title="bbox 733 802 2991 897; baseline -0.004 -19"><span class='ocrx_word' id='word_1_14' title='bbox 733 815 1090 897; x_wconf 70' lang='lat' dir='ltr'><strong>gratanter</strong></span> <span class='ocrx_word' id='word_1_15' title='bbox 1133 811 1498 888; x_wconf 78' lang='lat' dir='ltr'>sufferte⁸;</span> <span class='ocrx_word' id='word_1_16' title='bbox 1547 813 1819 894; x_wconf 88' lang='lat' dir='ltr'>sperate</span> <span class='ocrx_word' id='word_1_17' title='bbox 1862 810 1941 873; x_wconf 89' lang='lat' dir='ltr'>in</span> <span class='ocrx_word' id='word_1_18' title='bbox 1971 830 2149 887; x_wconf 87' lang='lat' dir='ltr'>eum,</span> <span class='ocrx_word' id='word_1_19' title='bbox 2182 812 2252 873; x_wconf 90' lang='lat' dir='ltr'>et</span> <span class='ocrx_word' id='word_1_20' title='bbox 2297 802 2657 875; x_wconf 76' lang='lat' dir='ltr'>liberavitb</span> <span class='ocrx_word' id='word_1_21' title='bbox 2698 809 2991 871; x_wconf 79' lang='lat' dir='ltr'>animas</span> 
     </span>
     <span class='ocr_line' id='line_1_4' title="bbox 733 897 2983 983; baseline -0.003 -18"><span class='ocrx_word' id='word_1_22' title='bbox 733 901 1034 967; x_wconf 85' lang='lat' dir='ltr'>vestras’.</span> <span class='ocrx_word' id='word_1_23' title='bbox 1077 958 1084 963; x_wconf 85' lang='lat'>.</span> <span class='ocrx_word' id='word_1_24' title='bbox 1129 900 1266 965; x_wconf 85' lang='lat' dir='ltr'>Sed</span> <span class='ocrx_word' id='word_1_25' title='bbox 1311 903 1384 964; x_wconf 88' lang='lat' dir='ltr'>et</span> <span class='ocrx_word' id='word_1_26' title='bbox 1427 900 1784 964; x_wconf 73' lang='lat' dir='ltr'>adstantes</span> <span class='ocrx_word' id='word_1_27' title='bbox 1829 902 1975 962; x_wconf 88' lang='lat' dir='ltr'>tam</span> <span class='ocrx_word' id='word_1_28' title='bbox 2020 898 2435 983; x_wconf 75' lang='lat' dir='ltr'>presbiteros</span> <span class='ocrx_word' id='word_1_29' title='bbox 2486 918 2692 981; x_wconf 88' lang='lat' dir='ltr'>quam</span> <span class='ocrx_word' id='word_1_30' title='bbox 2748 897 2983 961; x_wconf 84' lang='lat' dir='ltr'>etiam</span> 
     </span>
     <span class='ocr_line' id='line_1_5' title="bbox 735 986 2986 1071; baseline -0.002 -17"><span class='ocrx_word' id='word_1_31' title='bbox 735 990 1056 1055; x_wconf 75' lang='lat' dir='ltr'>diacones</span> <span class='ocrx_word' id='word_1_32' title='bbox 1113 988 1593 1071; x_wconf 74' lang='lat' dir='ltr'>inferiorisque</span> <span class='ocrx_word' id='word_1_33' title='bbox 1648 987 1949 1051; x_wconf 78' lang='lat' dir='ltr'>ordinis⁰</span> <span class='ocrx_word' id='word_1_34' title='bbox 2002 987 2204 1065; x_wconf 79' lang='lat' dir='ltr'>viros,</span> <span class='ocrx_word' id='word_1_35' title='bbox 2266 986 2403 1051; x_wconf 91' lang='lat' dir='ltr'>Dei</span> <span class='ocrx_word' id='word_1_36' title='bbox 2460 986 2773 1051; x_wconf 88' lang='lat' dir='ltr'>subditos</span> <span class='ocrx_word' id='word_1_37' title='bbox 2828 1006 2986 1050; x_wconf 83' lang='lat' dir='ltr'>ser·</span> 
     </span>
     <span class='ocr_line' id='line_1_6' title="bbox 401 1071 3142 1163; baseline -0.003 -18"><span class='ocrx_word' id='word_1_38' title='bbox 401 1105 462 1151; x_wconf 69' lang='lat' dir='ltr'>er.</span> <span class='ocrx_word' id='word_1_39' title='bbox 479 1101 714 1151; x_wconf 53' lang='lat' dir='ltr'>rasis.</span> <span class='ocrx_word' id='word_1_40' title='bbox 733 1079 924 1155; x_wconf 81' lang='lat' dir='ltr'>vitio,</span> <span class='ocrx_word' id='word_1_41' title='bbox 987 1071 1258 1163; x_wconf 75' lang='lat' dir='ltr'>patria‘1</span> <span class='ocrx_word' id='word_1_42' title='bbox 1317 1077 1693 1141; x_wconf 88' lang='lat' dir='ltr'>admonens</span> <span class='ocrx_word' id='word_1_43' title='bbox 1749 1096 1936 1154; x_wconf 84' lang='lat' dir='ltr'>voce,</span> <span class='ocrx_word' id='word_1_44' title='bbox 1996 1076 2129 1140; x_wconf 85' lang='lat' dir='ltr'>ait:</span> <span class='ocrx_word' id='word_1_45' title='bbox 2188 1076 2357 1139; x_wconf 89' lang='lat' dir='ltr'>‘Viri</span> <span class='ocrx_word' id='word_1_46' title='bbox 2414 1076 2683 1152; x_wconf 84' lang='lat' dir='ltr'>fratres,</span> <span class='ocrx_word' id='word_1_47' title='bbox 2743 1074 2971 1139; x_wconf 80' lang='lat' dir='ltr'>forti⁰</span> <span class='ocrx_word' id='word_1_48' title='bbox 3018 1096 3049 1135; x_wconf 71' lang='lat'>⁵</span> <span class='ocrx_word' id='word_1_49' title='bbox 3140 1120 3142 1125; x_wconf 81' lang='lat'><em>-</em></span> 
     </span>
     <span class='ocr_line' id='line_1_7' title="bbox 736 1164 2983 1248; baseline -0.003 -15"><span class='ocrx_word' id='word_1_50' title='bbox 736 1169 958 1233; x_wconf 78' lang='lat' dir='ltr'>estote</span> <span class='ocrx_word' id='word_1_51' title='bbox 1025 1166 1273 1240; x_wconf 85' lang='lat' dir='ltr'>anim0,</span> <span class='ocrx_word' id='word_1_52' title='bbox 1343 1168 1415 1229; x_wconf 91' lang='lat' dir='ltr'>et</span> <span class='ocrx_word' id='word_1_53' title='bbox 1484 1185 1571 1229; x_wconf 90' lang='lat' dir='ltr'>ne</span> <span class='ocrx_word' id='word_1_54' title='bbox 1638 1164 2035 1229; x_wconf 72' lang='lat' dir='ltr'>teneamini</span> <span class='ocrx_word' id='word_1_55' title='bbox 2092 1164 2181 1228; x_wconf 87' lang='lat' dir='ltr'>ab</span> <span class='ocrx_word' id='word_1_56' title='bbox 2250 1165 2379 1242; x_wconf 82' lang='lat' dir='ltr'>his,</span> <span class='ocrx_word' id='word_1_57' title='bbox 2450 1165 2570 1248; x_wconf 88' lang='lat' dir='ltr'>qui</span> <span class='ocrx_word' id='word_1_58' title='bbox 2636 1164 2983 1229; x_wconf 88' lang='lat' dir='ltr'>occidunt</span> 
     </span>
     <span class='ocr_line' id='line_1_8' title="bbox 488 1244 2976 1347; baseline -0.002 -26"><span class='ocrx_word' id='word_1_59' title='bbox 488 1252 715 1347; x_wconf 54' lang='grc' dir='ltr'>ἤξξξξ·</span> <span class='ocrx_word' id='word_1_60' title='bbox 737 1275 1002 1341; x_wconf 75' lang='grc' dir='ltr'>οοιῬιιΒ,</span> <span class='ocrx_word' id='word_1_61' title='bbox 1063 1247 1389 1338; x_wconf 90' lang='lat' dir='ltr'>quoniam</span> <span class='ocrx_word' id='word_1_62' title='bbox 1449 1254 1749 1318; x_wconf 87' lang='lat' dir='ltr'>animam</span> <span class='ocrx_word' id='word_1_63' title='bbox 1810 1254 1955 1318; x_wconf 89' lang='lat' dir='ltr'>sine</span> <span class='ocrx_word' id='word_1_64' title='bbox 2014 1253 2151 1318; x_wconf 83' lang='lat' dir='ltr'>fine</span> <span class='ocrx_word' id='word_1_65' title='bbox 2209 1256 2602 1319; x_wconf 87' lang='lat' dir='ltr'>manentem</span> <span class='ocrx_word' id='word_1_66' title='bbox 2668 1272 2925 1317; x_wconf 87' lang='lat' dir='ltr'>necare</span> <span class='ocrx_word' id='word_1_67' title='bbox 2944 1244 2976 1287; x_wconf 77' lang='lat' dir='ltr'><strong>f</strong></span> 
     </span>
     <span class='ocr_line' id='line_1_9' title="bbox 587 1335 2980 1428; baseline -0.002 -18"><span class='ocrx_word' id='word_1_68' title='bbox 587 1335 602 1357; x_wconf 85' lang='lat'><em>&#39;</em></span> <span class='ocrx_word' id='word_1_69' title='bbox 736 1366 877 1410; x_wconf 91' lang='lat' dir='ltr'>non</span> <span class='ocrx_word' id='word_1_70' title='bbox 935 1346 1250 1428; x_wconf 88' lang='lat' dir='ltr'>possunt;</span> <span class='ocrx_word' id='word_1_71' title='bbox 1317 1344 1440 1408; x_wconf 90' lang='lat' dir='ltr'>sed</span> <span class='ocrx_word' id='word_1_72' title='bbox 1506 1343 1807 1426; x_wconf 85' lang='lat' dir='ltr'>gaudete</span> <span class='ocrx_word' id='word_1_73' title='bbox 1872 1342 1948 1405; x_wconf 92' lang='lat' dir='ltr'>in</span> <span class='ocrx_word' id='word_1_74' title='bbox 2008 1341 2306 1407; x_wconf 86' lang='lat' dir='ltr'>Domino</span> <span class='ocrx_word' id='word_1_75' title='bbox 2367 1346 2439 1407; x_wconf 92' lang='lat' dir='ltr'>et</span> <span class='ocrx_word' id='word_1_76' title='bbox 2498 1344 2644 1426; x_wconf 88' lang='lat' dir='ltr'>spei</span> <span class='ocrx_word' id='word_1_77' title='bbox 2696 1345 2980 1406; x_wconf 85' lang='lat' dir='ltr'>vestrae</span> 
     </span>
     <span class='ocr_line' id='line_1_10' title="bbox 739 1424 2981 1515; baseline -0.002 -16"><span class='ocrx_word' id='word_1_78' title='bbox 739 1453 1059 1499; x_wconf 77' lang='lat' dir='ltr'>ancoram</span> <span class='ocrx_word' id='word_1_79' title='bbox 1127 1432 1202 1495; x_wconf 91' lang='lat' dir='ltr'>in</span> <span class='ocrx_word' id='word_1_80' title='bbox 1272 1431 1542 1497; x_wconf 71' lang='lat' dir='ltr'>Deumss</span> <span class='ocrx_word' id='word_1_81' title='bbox 1614 1431 1809 1515; x_wconf 83' lang='lat' dir='ltr'>figite</span> <span class='ocrx_word' id='word_1_82' title='bbox 1828 1482 1843 1507; x_wconf 83' lang='lat'>,</span> <span class='ocrx_word' id='word_1_83' title='bbox 1914 1424 2117 1514; x_wconf 81' lang='lat' dir='ltr'>quia¹¹</span> <span class='ocrx_word' id='word_1_84' title='bbox 2192 1430 2522 1515; x_wconf 87' lang='lat' dir='ltr'>extimplo</span> <span class='ocrx_word' id='word_1_85' title='bbox 2592 1434 2981 1515; x_wconf 83' lang='lat' dir='ltr'>perpetuae</span> 
     </span>
     <span class='ocr_line' id='line_1_11' title="bbox 739 1518 3064 1587; baseline -0.003 0"><span class='ocrx_word' id='word_1_86' title='bbox 739 1523 983 1587; x_wconf 84' lang='lat' dir='ltr'>reddet</span> <span class='ocrx_word' id='word_1_87' title='bbox 1013 1520 1206 1586; x_wconf 82' lang='lat' dir='ltr'>vobis</span> <span class='ocrx_word' id='word_1_88' title='bbox 1235 1520 1809 1585; x_wconf 87' lang='lat' dir='ltr'>remunerationis</span> <span class='ocrx_word' id='word_1_89' title='bbox 1842 1518 2223 1583; x_wconf 87' lang='lat' dir='ltr'>mercedem</span> <span class='ocrx_word' id='word_1_90' title='bbox 2272 1524 2342 1584; x_wconf 91' lang='lat' dir='ltr'>et</span> <span class='ocrx_word' id='word_1_91' title='bbox 2389 1520 2703 1584; x_wconf 89' lang='lat' dir='ltr'>caelestis</span> <span class='ocrx_word' id='word_1_92' title='bbox 2765 1519 2980 1584; x_wconf 83' lang='lat' dir='ltr'>aulae</span> <span class='ocrx_word' id='word_1_93' title='bbox 3018 1543 3064 1580; x_wconf 83' lang='grc' dir='ltr'>ιο</span> 
     </span>
     <span class='ocr_line' id='line_1_12' title="bbox 741 1608 2978 1694; baseline -0.002 -18"><span class='ocrx_word' id='word_1_94' title='bbox 741 1612 973 1676; x_wconf 88' lang='lat' dir='ltr'>sedem</span> <span class='ocrx_word' id='word_1_95' title='bbox 1020 1631 1174 1675; x_wconf 91' lang='lat' dir='ltr'>cum</span> <span class='ocrx_word' id='word_1_96' title='bbox 1207 1609 1519 1694; x_wconf 88' lang='lat' dir='ltr'>supernis</span> <span class='ocrx_word' id='word_1_97' title='bbox 1549 1608 1953 1691; x_wconf 89' lang='lat' dir='ltr'>angelorum</span> <span class='ocrx_word' id='word_1_98' title='bbox 1984 1608 2249 1672; x_wconf 86' lang='lat' dir='ltr'>civibus</span> <span class='ocrx_word' id='word_1_99' title='bbox 2287 1608 2652 1673; x_wconf 87' lang='lat' dir='ltr'>condonat.</span> <span class='ocrx_word' id='word_1_100' title='bbox 2729 1608 2978 1672; x_wconf 88' lang='lat' dir='ltr'>Nolite</span> 
     </span>
     <span class='ocr_line' id='line_1_13' title="bbox 739 1690 2979 1771; baseline -0.002 -6"><span class='ocrx_word' id='word_1_101' title='bbox 739 1720 860 1765; x_wconf 80' lang='lat' dir='ltr'>vos</span> <span class='ocrx_word' id='word_1_102' title='bbox 928 1720 1106 1763; x_wconf 87' lang='lat' dir='ltr'>vana</span> <span class='ocrx_word' id='word_1_103' title='bbox 1174 1700 1380 1761; x_wconf 88' lang='lat' dir='ltr'>huius</span> <span class='ocrx_word' id='word_1_104' title='bbox 1447 1697 1689 1761; x_wconf 91' lang='lat' dir='ltr'>mundi</span> <span class='ocrx_word' id='word_1_105' title='bbox 1758 1690 2255 1765; x_wconf 79' lang='lat' dir='ltr'>delectatione¹</span> <span class='ocrx_word' id='word_1_106' title='bbox 2338 1698 2678 1771; x_wconf 83' lang='lat' dir='ltr'>subicere,</span> <span class='ocrx_word' id='word_1_107' title='bbox 2749 1696 2979 1761; x_wconf 87' lang='lat' dir='ltr'>nolite</span> 
     </span>
     <span class='ocr_line' id='line_1_14' title="bbox 743 1779 2981 1870; baseline -0.003 -16"><span class='ocrx_word' id='word_1_108' title='bbox 743 1789 1018 1854; x_wconf 85' lang='lat' dir='ltr'>caducis</span> <span class='ocrx_word' id='word_1_109' title='bbox 1065 1786 1432 1870; x_wconf 84' lang='lat' dir='ltr'>gentilium</span> <span class='ocrx_word' id='word_1_110' title='bbox 1477 1779 2032 1850; x_wconf 72' lang='lat' dir='ltr'>adolationibusk</span> <span class='ocrx_word' id='word_1_111' title='bbox 2077 1779 2498 1862; x_wconf 86' lang='lat' dir='ltr'>delectare¹;</span> <span class='ocrx_word' id='word_1_112' title='bbox 2550 1786 2669 1850; x_wconf 89' lang='lat' dir='ltr'>sed</span> <span class='ocrx_word' id='word_1_113' title='bbox 2716 1785 2981 1849; x_wconf 87' lang='lat' dir='ltr'>subita-</span> 
     </span>
     <span class='ocr_line' id='line_1_15' title="bbox 737 1874 3142 1952; baseline -0.002 -10"><span class='ocrx_word' id='word_1_114' title='bbox 737 1898 950 1942; x_wconf 86' lang='lat' dir='ltr'>neum</span> <span class='ocrx_word' id='word_1_115' title='bbox 1025 1876 1138 1940; x_wconf 91' lang='lat' dir='ltr'>hic</span> <span class='ocrx_word' id='word_1_116' title='bbox 1216 1878 1613 1939; x_wconf 86' lang='lat' dir='ltr'>constanter</span> <span class='ocrx_word' id='word_1_117' title='bbox 1702 1874 1981 1939; x_wconf 71' lang='lat' dir='ltr'>subitem</span> <span class='ocrx_word' id='word_1_118' title='bbox 2058 1874 2297 1952; x_wconf 88' lang='lat' dir='ltr'>mortis</span> <span class='ocrx_word' id='word_1_119' title='bbox 2388 1874 2761 1939; x_wconf 89' lang='lat' dir='ltr'>articulum</span> <span class='ocrx_word' id='word_1_120' title='bbox 2781 1926 2794 1951; x_wconf 93' lang='lat'>‚</span> <span class='ocrx_word' id='word_1_121' title='bbox 2886 1878 2979 1937; x_wconf 87' lang='lat' dir='ltr'>ut</span> <span class='ocrx_word' id='word_1_122' title='bbox 3140 1928 3142 1951; x_wconf 20' lang='grc' dir='ltr'><strong>ς</strong></span> 
     </span>
     <span class='ocr_line' id='line_1_16' title="bbox 739 1962 3061 2048; baseline -0.001 -19"><span class='ocrx_word' id='word_1_123' title='bbox 739 1984 1027 2048; x_wconf 86' lang='lat' dir='ltr'>regnare</span> <span class='ocrx_word' id='word_1_124' title='bbox 1101 1984 1256 2028; x_wconf 90' lang='lat' dir='ltr'>cum</span> <span class='ocrx_word' id='word_1_125' title='bbox 1319 1962 1595 2027; x_wconf 85' lang='lat' dir='ltr'>Christo</span> <span class='ocrx_word' id='word_1_126' title='bbox 1658 1963 1929 2046; x_wconf 89' lang='lat' dir='ltr'>possitis</span> <span class='ocrx_word' id='word_1_127' title='bbox 1988 1963 2063 2025; x_wconf 90' lang='lat' dir='ltr'>in</span> <span class='ocrx_word' id='word_1_128' title='bbox 2122 1963 2365 2028; x_wconf 84' lang='lat' dir='ltr'>evum&#39;.</span> <span class='ocrx_word' id='word_1_129' title='bbox 2472 1962 2781 2047; x_wconf 85' lang='lat' dir='ltr'>Cumque</span> <span class='ocrx_word' id='word_1_130' title='bbox 2837 1962 2980 2026; x_wconf 85' lang='lat' dir='ltr'>tali</span> <span class='ocrx_word' id='word_1_131' title='bbox 3014 1987 3061 2027; x_wconf 72' lang='grc' dir='ltr'>ιε</span> 
     </span>
     <span class='ocr_line' id='line_1_17' title="bbox 743 2051 3142 2135; baseline -0.002 -18"><span class='ocrx_word' id='word_1_132' title='bbox 743 2053 1096 2117; x_wconf 85' lang='lat' dir='ltr'>doctrinae</span> <span class='ocrx_word' id='word_1_133' title='bbox 1166 2053 1605 2116; x_wconf 85' lang='lat' dir='ltr'>hortamento</span> <span class='ocrx_word' id='word_1_134' title='bbox 1676 2051 2050 2134; x_wconf 88' lang='lat' dir='ltr'>discipulos</span> <span class='ocrx_word' id='word_1_135' title='bbox 2118 2052 2209 2116; x_wconf 88' lang='lat' dir='ltr'>ad</span> <span class='ocrx_word' id='word_1_136' title='bbox 2268 2072 2587 2117; x_wconf 85' lang='lat' dir='ltr'>coronam</span> <span class='ocrx_word' id='word_1_137' title='bbox 2658 2052 2978 2135; x_wconf 81' lang='lat' dir='ltr'>martyrii</span> <span class='ocrx_word' id='word_1_138' title='bbox 3140 2052 3142 2055; x_wconf 48' lang='lat'><strong>⁴</strong></span> 
     </span>
     <span class='ocr_line' id='line_1_18' title="bbox 745 2140 2979 2225; baseline -0.001 -20"><span class='ocrx_word' id='word_1_139' title='bbox 745 2141 1122 2206; x_wconf 81' lang='lat' dir='ltr'>affabiliter</span> <span class='ocrx_word' id='word_1_140' title='bbox 1163 2140 1568 2216; x_wconf 79' lang='lat' dir='ltr'>incitabat¹²‚</span> <span class='ocrx_word' id='word_1_141' title='bbox 1620 2140 1987 2205; x_wconf 81' lang='lat' dir='ltr'>confestim</span> <span class='ocrx_word' id='word_1_142' title='bbox 2031 2140 2270 2205; x_wconf 79' lang='lat' dir='ltr'>furens</span> <span class='ocrx_word' id='word_1_143' title='bbox 2330 2161 2535 2225; x_wconf 88' lang='lat' dir='ltr'>super</span> <span class='ocrx_word' id='word_1_144' title='bbox 2592 2161 2709 2205; x_wconf 89' lang='lat' dir='ltr'>eos</span> <span class='ocrx_word' id='word_1_145' title='bbox 2770 2160 2979 2224; x_wconf 86' lang='lat' dir='ltr'>paga·</span> 
     </span>
     <span class='ocr_line' id='line_1_19' title="bbox 743 2229 2979 2313; baseline -0.001 -19"><span class='ocrx_word' id='word_1_146' title='bbox 743 2251 989 2294; x_wconf 87' lang='lat' dir='ltr'>norum</span> <span class='ocrx_word' id='word_1_147' title='bbox 1034 2229 1378 2293; x_wconf 89' lang='lat' dir='ltr'>tumultus</span> <span class='ocrx_word' id='word_1_148' title='bbox 1425 2249 1578 2293; x_wconf 88' lang='lat' dir='ltr'>cum</span> <span class='ocrx_word' id='word_1_149' title='bbox 1628 2229 1876 2313; x_wconf 86' lang='lat' dir='ltr'>gladiis</span> <span class='ocrx_word' id='word_1_150' title='bbox 1931 2231 2353 2311; x_wconf 71' lang='lat' dir='ltr'>cunctaque-⁰</span> <span class='ocrx_word' id='word_1_151' title='bbox 2408 2230 2699 2295; x_wconf 87' lang='lat' dir='ltr'>militiae</span> <span class='ocrx_word' id='word_1_152' title='bbox 2762 2250 2979 2293; x_wconf 89' lang='lat' dir='ltr'>arma-</span> 
     </span>
     <span class='ocr_line' id='line_1_20' title="bbox 743 2318 2975 2401; baseline -0.001 -18"><span class='ocrx_word' id='word_1_153' title='bbox 743 2323 905 2384; x_wconf 91' lang='lat' dir='ltr'>tura</span> <span class='ocrx_word' id='word_1_154' title='bbox 947 2320 1166 2382; x_wconf 88' lang='lat' dir='ltr'>inruit</span> <span class='ocrx_word' id='word_1_155' title='bbox 1211 2322 1282 2382; x_wconf 88' lang='lat' dir='ltr'>et</span> <span class='ocrx_word' id='word_1_156' title='bbox 1325 2318 1517 2383; x_wconf 82' lang='lat' dir='ltr'>felici</span> <span class='ocrx_word' id='word_1_157' title='bbox 1563 2322 1957 2382; x_wconf 88' lang='lat' dir='ltr'>sanctorum</span> <span class='ocrx_word' id='word_1_158' title='bbox 2004 2318 2167 2382; x_wconf 90' lang='lat' dir='ltr'>cede</span> <span class='ocrx_word' id='word_1_159' title='bbox 2216 2338 2499 2401; x_wconf 89' lang='lat' dir='ltr'>corpora</span> <span class='ocrx_word' id='word_1_160' title='bbox 2559 2318 2975 2382; x_wconf 86' lang='lat' dir='ltr'>cruentavit.</span> 
     </span>
     <span class='ocr_line' id='line_1_21' title="bbox 961 2405 3142 2490; baseline -0.002 -19"><span class='ocrx_word' id='word_1_161' title='bbox 961 2407 1365 2490; x_wconf 82' lang='lat' dir='ltr'>Statimque,</span> <span class='ocrx_word' id='word_1_162' title='bbox 1414 2405 1695 2471; x_wconf 84' lang='lat' dir='ltr'>mortali</span> <span class='ocrx_word' id='word_1_163' title='bbox 1739 2407 2078 2470; x_wconf 89' lang='lat' dir='ltr'>iustorum</span> <span class='ocrx_word' id='word_1_164' title='bbox 2123 2406 2423 2470; x_wconf 89' lang='lat' dir='ltr'>multata</span> <span class='ocrx_word' id='word_1_165' title='bbox 2474 2427 2699 2482; x_wconf 84' lang='lat' dir='ltr'>carne,</span> <span class='ocrx_word' id='word_1_166' title='bbox 2760 2408 2977 2490; x_wconf 88' lang='lat' dir='ltr'>tripu·</span> <span class='ocrx_word' id='word_1_167' title='bbox 3013 2432 3061 2469; x_wconf 75' lang='lat'>20</span> <span class='ocrx_word' id='word_1_168' title='bbox 3140 2420 3142 2465; x_wconf 76' lang='lat'><em>3</em></span> 
     </span>
     <span class='ocr_line' id='line_1_22' title="bbox 748 2495 2979 2581; baseline 0 -20"><span class='ocrx_word' id='word_1_169' title='bbox 748 2497 945 2561; x_wconf 86' lang='lat' dir='ltr'>dians</span> <span class='ocrx_word' id='word_1_170' title='bbox 989 2495 1357 2581; x_wconf 86' lang='lat' dir='ltr'>gentilium</span> <span class='ocrx_word' id='word_1_171' title='bbox 1400 2495 1611 2560; x_wconf 89' lang='lat' dir='ltr'>turba</span> <span class='ocrx_word' id='word_1_172' title='bbox 1654 2495 2008 2559; x_wconf 82' lang='lat' dir='ltr'>victricem</span> <span class='ocrx_word' id='word_1_173' title='bbox 2054 2514 2216 2559; x_wconf 88' lang='lat' dir='ltr'>suae</span> <span class='ocrx_word' id='word_1_174' title='bbox 2265 2496 2727 2560; x_wconf 87' lang='lat' dir='ltr'>damnationis</span> <span class='ocrx_word' id='word_1_175' title='bbox 2786 2516 2979 2580; x_wconf 87' lang='lat' dir='ltr'>prae-</span> 
     </span>
     <span class='ocr_line' id='line_1_23' title="bbox 650 2582 2978 2669; baseline 0 -20"><span class='ocrx_word' id='word_1_176' title='bbox 650 2582 654 2586; x_wconf 78' lang='grc'><strong>’</strong></span> <span class='ocrx_word' id='word_1_177' title='bbox 748 2586 907 2649; x_wconf 92' lang='lat' dir='ltr'>dam</span> <span class='ocrx_word' id='word_1_178' title='bbox 953 2585 1262 2669; x_wconf 86' lang='lat' dir='ltr'>arripuit,</span> <span class='ocrx_word' id='word_1_179' title='bbox 1313 2587 1673 2668; x_wconf 90' lang='lat' dir='ltr'>castraque</span> <span class='ocrx_word' id='word_1_180' title='bbox 1706 2583 2151 2668; x_wconf 87' lang='lat' dir='ltr'>depopulans,</span> <span class='ocrx_word' id='word_1_181' title='bbox 2194 2584 2553 2648; x_wconf 86' lang='lat' dir='ltr'>manubias</span> <span class='ocrx_word' id='word_1_182' title='bbox 2585 2584 2978 2669; x_wconf 89' lang='lat' dir='ltr'>diripiendo</span> 
     </span>
     <span class='ocr_line' id='line_1_24' title="bbox 744 2672 2977 2759; baseline -0.001 -20"><span class='ocrx_word' id='word_1_183' title='bbox 744 2674 1124 2759; x_wconf 86' lang='lat' dir='ltr'>inpertivit.</span> <span class='ocrx_word' id='word_1_184' title='bbox 1241 2673 1377 2738; x_wconf 84' lang='lat' dir='ltr'>Sed</span> <span class='ocrx_word' id='word_1_185' title='bbox 1453 2677 1524 2739; x_wconf 88' lang='lat' dir='ltr'>et</span> <span class='ocrx_word' id='word_1_186' title='bbox 1590 2674 1860 2746; x_wconf 81' lang='lat' dir='ltr'>thecas,</span> <span class='ocrx_word' id='word_1_187' title='bbox 1938 2672 2012 2735; x_wconf 94' lang='lat' dir='ltr'>in</span> <span class='ocrx_word' id='word_1_188' title='bbox 2080 2672 2329 2756; x_wconf 87' lang='lat' dir='ltr'>quibus</span> <span class='ocrx_word' id='word_1_189' title='bbox 2402 2673 2627 2736; x_wconf 89' lang='lat' dir='ltr'>multa</span> <span class='ocrx_word' id='word_1_190' title='bbox 2697 2674 2977 2739; x_wconf 89' lang='lat' dir='ltr'>inerant</span> 
     </span>
     <span class='ocr_line' id='line_1_25' title="bbox 748 2761 3142 2845; baseline -0 -19"><span class='ocrx_word' id='word_1_191' title='bbox 748 2763 1080 2827; x_wconf 88' lang='lat' dir='ltr'>librorum</span> <span class='ocrx_word' id='word_1_192' title='bbox 1156 2762 1538 2839; x_wconf 84' lang='lat' dir='ltr'>volumina,</span> <span class='ocrx_word' id='word_1_193' title='bbox 1618 2766 1689 2827; x_wconf 90' lang='lat' dir='ltr'>et</span> <span class='ocrx_word' id='word_1_194' title='bbox 1756 2761 2243 2844; x_wconf 76' lang='lat' dir='ltr'>reliquiaruml‘</span> <span class='ocrx_word' id='word_1_195' title='bbox 2326 2782 2562 2845; x_wconf 87' lang='lat' dir='ltr'>capsas</span> <span class='ocrx_word' id='word_1_196' title='bbox 2644 2761 2972 2839; x_wconf 89' lang='lat' dir='ltr'>abstulit;</span> <span class='ocrx_word' id='word_1_197' title='bbox 3140 2810 3142 2835; x_wconf 25' lang='grc' dir='ltr'>ἧ</span> 
     </span>
     <span class='ocr_line' id='line_1_26' title="bbox 749 2850 3059 2935; baseline -0.001 -20"><span class='ocrx_word' id='word_1_198' title='bbox 749 2872 1000 2935; x_wconf 88' lang='lat' dir='ltr'>magna</span> <span class='ocrx_word' id='word_1_199' title='bbox 1059 2856 1172 2915; x_wconf 81' lang='lat' dir='ltr'>seq</span> <span class='ocrx_word' id='word_1_200' title='bbox 1226 2852 1518 2915; x_wconf 89' lang='lat' dir='ltr'>ditatam</span> <span class='ocrx_word' id='word_1_201' title='bbox 1579 2851 1733 2913; x_wconf 90' lang='lat' dir='ltr'>auri</span> <span class='ocrx_word' id='word_1_202' title='bbox 1780 2850 2183 2934; x_wconf 87' lang='lat' dir='ltr'>argentique</span> <span class='ocrx_word' id='word_1_203' title='bbox 2231 2851 2427 2933; x_wconf 88' lang='lat' dir='ltr'>copia</span> <span class='ocrx_word' id='word_1_204' title='bbox 2472 2850 2828 2927; x_wconf 72' lang='lat' dir='ltr'>credensr,</span> <span class='ocrx_word' id='word_1_205' title='bbox 2885 2852 2975 2915; x_wconf 89' lang='lat' dir='ltr'>ad</span> <span class='ocrx_word' id='word_1_206' title='bbox 3010 2874 3059 2913; x_wconf 75' lang='lat'>25</span> 
     </span>
     <span class='ocr_line' id='line_1_27' title="bbox 749 2938 2974 3023; baseline 0 -20"><span class='ocrx_word' id='word_1_207' title='bbox 749 2960 975 3015; x_wconf 86' lang='lat' dir='ltr'>naves,</span> <span class='ocrx_word' id='word_1_208' title='bbox 1024 2939 1270 3022; x_wconf 87' lang='lat' dir='ltr'>quibus</span> <span class='ocrx_word' id='word_1_209' title='bbox 1301 2939 1723 3004; x_wconf 87' lang='lat' dir='ltr'>cottidianus</span> <span class='ocrx_word' id='word_1_210' title='bbox 1753 2940 2014 3004; x_wconf 79' lang='lat' dir='ltr'>inerat⁸</span> <span class='ocrx_word' id='word_1_211' title='bbox 2058 2938 2463 3003; x_wconf 88' lang='lat' dir='ltr'>clericorum</span> <span class='ocrx_word' id='word_1_212' title='bbox 2494 2960 2573 3004; x_wconf 89' lang='lat' dir='ltr'>ac</span> <span class='ocrx_word' id='word_1_213' title='bbox 2605 2961 2974 3023; x_wconf 89' lang='lat' dir='ltr'>puerorum</span> 
     </span>
     <span class='ocr_line' id='line_1_28' title="bbox 749 3025 2976 3109; baseline 0 -18"><span class='ocrx_word' id='word_1_214' title='bbox 749 3028 972 3092; x_wconf 83' lang='lat' dir='ltr'>victus</span> <span class='ocrx_word' id='word_1_215' title='bbox 989 3025 1009 3063; x_wconf 63' lang='lat' dir='ltr'><strong>t</strong></span> <span class='ocrx_word' id='word_1_216' title='bbox 1069 3031 1140 3092; x_wconf 92' lang='lat' dir='ltr'>et</span> <span class='ocrx_word' id='word_1_217' title='bbox 1197 3026 1707 3109; x_wconf 88' lang='lat' dir='ltr'>aliquantulum</span> <span class='ocrx_word' id='word_1_218' title='bbox 1762 3029 1989 3092; x_wconf 89' lang='lat' dir='ltr'>adhuc</span> <span class='ocrx_word' id='word_1_219' title='bbox 2049 3027 2441 3092; x_wconf 66' lang='lat' dir='ltr'>residuumu</span> <span class='ocrx_word' id='word_1_220' title='bbox 2494 3028 2803 3093; x_wconf 90' lang='lat' dir='ltr'>eiusdem</span> <span class='ocrx_word' id='word_1_221' title='bbox 2862 3028 2976 3093; x_wconf 87' lang='lat' dir='ltr'>sti·</span> 
     </span>
     <span class='ocr_line' id='line_1_29' title="bbox 751 3114 2973 3201; baseline 0 -21"><span class='ocrx_word' id='word_1_222' title='bbox 751 3116 1004 3201; x_wconf 68' lang='lat' dir='ltr'>pendiV</span> <span class='ocrx_word' id='word_1_223' title='bbox 1039 3116 1294 3193; x_wconf 82' lang='lat' dir='ltr'>vinum,</span> <span class='ocrx_word' id='word_1_224' title='bbox 1344 3114 1761 3180; x_wconf 76' lang='lat' dir='ltr'>obserratisw</span> <span class='ocrx_word' id='word_1_225' title='bbox 1790 3121 1872 3180; x_wconf 92' lang='lat' dir='ltr'>ut</span> <span class='ocrx_word' id='word_1_226' title='bbox 1908 3116 2117 3181; x_wconf 76' lang='lat' dir='ltr'>&#39;erant</span> <span class='ocrx_word' id='word_1_227' title='bbox 2160 3116 2593 3181; x_wconf 86' lang='lat' dir='ltr'>vasculorum</span> <span class='ocrx_word' id='word_1_228' title='bbox 2626 3117 2973 3193; x_wconf 87' lang='lat' dir='ltr'>clustris¹‚</span> 
     </span>
     <span class='ocr_line' id='line_1_30' title="bbox 749 3204 2975 3290; baseline 0.001 -22"><span class='ocrx_word' id='word_1_229' title='bbox 749 3204 1199 3288; x_wconf 69' lang='lat' dir='ltr'>asportavity.</span> <span class='ocrx_word' id='word_1_230' title='bbox 1303 3205 1406 3269; x_wconf 89' lang='lat' dir='ltr'>Ac</span> <span class='ocrx_word' id='word_1_231' title='bbox 1473 3208 1757 3288; x_wconf 88' lang='lat' dir='ltr'>repente</span> <span class='ocrx_word' id='word_1_232' title='bbox 1776 3255 1790 3280; x_wconf 89' lang='lat'><strong>‚</strong></span> <span class='ocrx_word' id='word_1_233' title='bbox 1864 3208 2229 3289; x_wconf 77' lang='lat' dir='ltr'>conpertoz</span> <span class='ocrx_word' id='word_1_234' title='bbox 2300 3206 2621 3270; x_wconf 85' lang='lat' dir='ltr'>adamato</span> <span class='ocrx_word' id='word_1_235' title='bbox 2690 3205 2975 3290; x_wconf 91' lang='lat' dir='ltr'>liquoris</span> 
     </span>
     <span class='ocr_line' id='line_1_31' title="bbox 752 3286 3057 3377; baseline -0 -20"><span class='ocrx_word' id='word_1_236' title='bbox 752 3294 1070 3371; x_wconf 75' lang='lat' dir='ltr'>hausto⁸,</span> <span class='ocrx_word' id='word_1_237' title='bbox 1135 3293 1360 3376; x_wconf 88' lang='lat' dir='ltr'>coepit</span> <span class='ocrx_word' id='word_1_238' title='bbox 1421 3286 1769 3377; x_wconf 75' lang='lat' dir='ltr'>gylosamb</span> <span class='ocrx_word' id='word_1_239' title='bbox 1824 3293 2081 3357; x_wconf 80' lang='lat' dir='ltr'>ventris</span> <span class='ocrx_word' id='word_1_240' title='bbox 2126 3294 2379 3359; x_wconf 88' lang='lat' dir='ltr'>satiare</span> <span class='ocrx_word' id='word_1_241' title='bbox 2423 3294 2800 3377; x_wconf 85' lang='lat' dir='ltr'>ingluviem</span> <span class='ocrx_word' id='word_1_242' title='bbox 2822 3294 2848 3333; x_wconf 77' lang='lat'>²</span> <span class='ocrx_word' id='word_1_243' title='bbox 2908 3298 2976 3359; x_wconf 89' lang='lat' dir='ltr'>et</span> <span class='ocrx_word' id='word_1_244' title='bbox 3010 3318 3057 3356; x_wconf 71' lang='lat'>30</span> 
     </span>
     <span class='ocr_line' id='line_1_32' title="bbox 751 3382 2983 3466; baseline 0.001 -21"><span class='ocrx_word' id='word_1_245' title='bbox 751 3383 910 3447; x_wconf 84' lang='lat' dir='ltr'>vino</span> <span class='ocrx_word' id='word_1_246' title='bbox 957 3382 1311 3446; x_wconf 87' lang='lat' dir='ltr'>madidum</span> <span class='ocrx_word' id='word_1_247' title='bbox 1362 3382 1704 3447; x_wconf 86' lang='lat' dir='ltr'>inebriare</span> <span class='ocrx_word' id='word_1_248' title='bbox 1766 3383 2193 3447; x_wconf 90' lang='lat' dir='ltr'>stomachum</span> <span class='ocrx_word' id='word_1_249' title='bbox 2251 3384 2668 3466; x_wconf 86' lang='lat' dir='ltr'>tandemque</span> <span class='ocrx_word' id='word_1_250' title='bbox 2729 3384 2815 3447; x_wconf 87' lang='lat' dir='ltr'>de</span> <span class='ocrx_word' id='word_1_251' title='bbox 2876 3404 2983 3447; x_wconf 84' lang='lat' dir='ltr'>ac·</span> 
     </span>
     <span class='ocr_line' id='line_1_33' title="bbox 753 3470 2976 3555; baseline -0.001 -17"><span class='ocrx_word' id='word_1_252' title='bbox 753 3471 970 3554; x_wconf 86' lang='lat' dir='ltr'>ceptis</span> <span class='ocrx_word' id='word_1_253' title='bbox 993 3470 1288 3555; x_wconf 87' lang='lat' dir='ltr'>praedae</span> <span class='ocrx_word' id='word_1_254' title='bbox 1313 3470 1569 3555; x_wconf 84' lang='lat' dir='ltr'>spoliis,</span> <span class='ocrx_word' id='word_1_255' title='bbox 1603 3471 1777 3535; x_wconf 89' lang='lat' dir='ltr'>inito</span> <span class='ocrx_word' id='word_1_256' title='bbox 1810 3471 2117 3548; x_wconf 82' lang='lat' dir='ltr'>consilio,</span> <span class='ocrx_word' id='word_1_257' title='bbox 2153 3471 2452 3535; x_wconf 86' lang='lat' dir='ltr'>mirabili</span> <span class='ocrx_word' id='word_1_258' title='bbox 2481 3472 2976 3555; x_wconf 86' lang='lat' dir='ltr'>omnipotentis</span> 
     </span>
    </p>
   </div>
   <div class='ocr_carea' id='block_1_3' title="bbox 964 3661 1677 3709">
    <p class='ocr_par' dir='ltr' id='par_1_3' title="bbox 964 3661 1677 3709">
     <span class='ocr_line' id='line_1_34' title="bbox 964 3661 1677 3709; baseline 0.001 -10"><span class='ocrx_word' id='word_1_259' title='bbox 964 3662 1002 3701; x_wconf 95' lang='grc' dir='ltr'><strong>Ῑ.</strong></span> <span class='ocrx_word' id='word_1_260' title='bbox 1051 3663 1158 3709; x_wconf 79' lang='lat' dir='ltr'>Gap.</span> <span class='ocrx_word' id='word_1_261' title='bbox 1175 3662 1218 3701; x_wconf 83' lang='lat'>8.</span> <span class='ocrx_word' id='word_1_262' title='bbox 1275 3662 1314 3700; x_wconf 88' lang='lat'>1.</span> <span class='ocrx_word' id='word_1_263' title='bbox 1346 3662 1414 3700; x_wconf 68' lang='lat' dir='ltr'>Sa.</span> <span class='ocrx_word' id='word_1_264' title='bbox 1436 3663 1476 3699; x_wconf 81' lang='lat' dir='ltr'>b.</span> <span class='ocrx_word' id='word_1_265' title='bbox 1497 3672 1533 3701; x_wconf 82' lang='lat' dir='ltr'>c.</span> <span class='ocrx_word' id='word_1_266' title='bbox 1561 3661 1606 3701; x_wconf 85' lang='lat'>3.</span> <span class='ocrx_word' id='word_1_267' title='bbox 1634 3661 1677 3701; x_wconf 84' lang='lat'>4.</span> 
     </span>
    </p>
   </div>
   <div class='ocr_carea' id='block_1_4' title="bbox 753 3748 3055 4335">
    <p class='ocr_par' dir='ltr' id='par_1_4' title="bbox 753 3748 3055 3961">
     <span class='ocr_line' id='line_1_35' title="bbox 753 3748 2973 3800; baseline 0.001 -12"><span class='ocrx_word' id='word_1_268' title='bbox 753 3750 798 3797; x_wconf 62' lang='grc' dir='ltr'>ιθ</span> <span class='ocrx_word' id='word_1_269' title='bbox 825 3748 1013 3789; x_wconf 83' lang='lat' dir='ltr'>sufferre</span> <span class='ocrx_word' id='word_1_270' title='bbox 1042 3751 1081 3789; x_wconf 88' lang='lat'>1.</span> <span class='ocrx_word' id='word_1_271' title='bbox 1181 3751 1226 3799; x_wconf 89' lang='lat' dir='ltr'>b)</span> <span class='ocrx_word' id='word_1_272' title='bbox 1255 3751 1318 3788; x_wconf 77' lang='lat' dir='ltr'>ita</span> <span class='ocrx_word' id='word_1_273' title='bbox 1347 3751 1386 3789; x_wconf 89' lang='lat'>1.</span> <span class='ocrx_word' id='word_1_274' title='bbox 1415 3749 1470 3787; x_wconf 80' lang='grc' dir='ltr'>2α</span> <span class='ocrx_word' id='word_1_275' title='bbox 1496 3752 1589 3799; x_wconf 80' lang='lat' dir='ltr'>(pr.</span> <span class='ocrx_word' id='word_1_276' title='bbox 1618 3753 1727 3799; x_wconf 88' lang='lat' dir='ltr'>m.),·</span> <span class='ocrx_word' id='word_1_277' title='bbox 1761 3749 1969 3789; x_wconf 77' lang='lat' dir='ltr'>liberabit</span> <span class='ocrx_word' id='word_1_278' title='bbox 1998 3750 2094 3789; x_wconf 77' lang='lat' dir='ltr'>rell.</span> <span class='ocrx_word' id='word_1_279' title='bbox 2195 3752 2235 3798; x_wconf 87' lang='lat' dir='ltr'>c)</span> <span class='ocrx_word' id='word_1_280' title='bbox 2265 3762 2307 3790; x_wconf 71' lang='lat' dir='ltr'>v.</span> <span class='ocrx_word' id='word_1_281' title='bbox 2339 3762 2381 3791; x_wconf 87' lang='lat' dir='ltr'>o.</span> <span class='ocrx_word' id='word_1_282' title='bbox 2410 3751 2453 3799; x_wconf 85' lang='lat'>3,</span> <span class='ocrx_word' id='word_1_283' title='bbox 2480 3762 2597 3790; x_wconf 76' lang='lat' dir='ltr'>corr.</span> <span class='ocrx_word' id='word_1_284' title='bbox 2699 3752 2743 3799; x_wconf 88' lang='lat' dir='ltr'>d)</span> <span class='ocrx_word' id='word_1_285' title='bbox 2782 3752 2903 3800; x_wconf 75' lang='lat' dir='ltr'>patri</span> <span class='ocrx_word' id='word_1_286' title='bbox 2931 3753 2973 3799; x_wconf 70' lang='lat'>13</span> 
     </span>
     <span class='ocr_line' id='line_1_36' title="bbox 769 3800 3055 3855; baseline 0.001 -14"><span class='ocrx_word' id='word_1_287' title='bbox 769 3803 926 3851; x_wconf 54' lang='lat' dir='ltr'>patrus</span> <span class='ocrx_word' id='word_1_288' title='bbox 955 3800 1013 3842; x_wconf 78' lang='lat' dir='ltr'>ad</span> <span class='ocrx_word' id='word_1_289' title='bbox 1039 3804 1086 3841; x_wconf 70' lang='lat' dir='ltr'>in</span> <span class='ocrx_word' id='word_1_290' title='bbox 1113 3804 1406 3851; x_wconf 75' lang='lat' dir='ltr'>ras.)monens</span> <span class='ocrx_word' id='word_1_291' title='bbox 1431 3802 1474 3841; x_wconf 86' lang='lat'>3.</span> <span class='ocrx_word' id='word_1_292' title='bbox 1607 3804 1648 3852; x_wconf 87' lang='lat' dir='ltr'>e)</span> <span class='ocrx_word' id='word_1_293' title='bbox 1688 3804 1825 3841; x_wconf 73' lang='lat' dir='ltr'>fortes</span> <span class='ocrx_word' id='word_1_294' title='bbox 1850 3802 1891 3842; x_wconf 88' lang='lat'>4.</span> <span class='ocrx_word' id='word_1_295' title='bbox 2023 3804 2056 3851; x_wconf 78' lang='lat' dir='ltr'>f)</span> <span class='ocrx_word' id='word_1_296' title='bbox 2097 3814 2291 3852; x_wconf 73' lang='lat' dir='ltr'>:necat-e,</span> <span class='ocrx_word' id='word_1_297' title='bbox 2319 3814 2409 3842; x_wconf 77' lang='lat' dir='ltr'>ras.</span> <span class='ocrx_word' id='word_1_298' title='bbox 2440 3803 2531 3855; x_wconf 88' lang='lat' dir='ltr'>e(‘?)</span> <span class='ocrx_word' id='word_1_299' title='bbox 2561 3805 2629 3842; x_wconf 82' lang='grc' dir='ltr'><strong>2α.</strong></span> <span class='ocrx_word' id='word_1_300' title='bbox 2761 3806 2812 3853; x_wconf 77' lang='lat' dir='ltr'>g)</span> <span class='ocrx_word' id='word_1_301' title='bbox 2848 3802 2975 3844; x_wconf 86' lang='lat' dir='ltr'>deum</span> <span class='ocrx_word' id='word_1_302' title='bbox 3008 3808 3055 3849; x_wconf 71' lang='lat'>85</span> 
     </span>
     <span class='ocr_line' id='line_1_37' title="bbox 755 3852 2976 3905; baseline 0.002 -12"><span class='ocrx_word' id='word_1_303' title='bbox 755 3856 874 3899; x_wconf 81' lang='lat' dir='ltr'>(enm</span> <span class='ocrx_word' id='word_1_304' title='bbox 899 3854 941 3904; x_wconf 88' lang='lat'>3)</span> <span class='ocrx_word' id='word_1_305' title='bbox 972 3852 1154 3905; x_wconf 78' lang='lat' dir='ltr'>defigite</span> <span class='ocrx_word' id='word_1_306' title='bbox 1181 3856 1224 3895; x_wconf 87' lang='lat'>3.</span> <span class='ocrx_word' id='word_1_307' title='bbox 1252 3855 1294 3896; x_wconf 89' lang='grc'>4.</span> <span class='ocrx_word' id='word_1_308' title='bbox 1437 3856 1483 3903; x_wconf 91' lang='lat' dir='ltr'>h)</span> <span class='ocrx_word' id='word_1_309' title='bbox 1523 3856 1733 3903; x_wconf 70' lang='lat' dir='ltr'>quoniam</span> <span class='ocrx_word' id='word_1_310' title='bbox 1760 3857 1829 3895; x_wconf 68' lang='lat' dir='ltr'>Sa.</span> <span class='ocrx_word' id='word_1_311' title='bbox 1860 3857 1886 3895; x_wconf 80' lang='lat' dir='ltr'><strong><em>b</em></strong></span> <span class='ocrx_word' id='word_1_312' title='bbox 1913 3858 2020 3902; x_wconf 76' lang='lat' dir='ltr'>(non</span> <span class='ocrx_word' id='word_1_313' title='bbox 2048 3856 2149 3905; x_wconf 60' lang='lat' dir='ltr'>ea).</span> <span class='ocrx_word' id='word_1_314' title='bbox 2276 3857 2308 3905; x_wconf 88' lang='lat' dir='ltr'>i)</span> <span class='ocrx_word' id='word_1_315' title='bbox 2346 3854 2586 3896; x_wconf 82' lang='lat' dir='ltr'>dilectione</span> <span class='ocrx_word' id='word_1_316' title='bbox 2614 3858 2693 3905; x_wconf 81' lang='grc' dir='ltr'><strong><em>2α,·</em></strong></span> <span class='ocrx_word' id='word_1_317' title='bbox 2730 3855 2976 3898; x_wconf 88' lang='lat' dir='ltr'>delectione</span> 
     </span>
     <span class='ocr_line' id='line_1_38' title="bbox 753 3906 2973 3961; baseline 0.001 -14"><span class='ocrx_word' id='word_1_318' title='bbox 753 3908 933 3948; x_wconf 85' lang='lat' dir='ltr'>subiere</span> <span class='ocrx_word' id='word_1_319' title='bbox 949 3908 991 3958; x_wconf 85' lang='lat'>3,</span> <span class='ocrx_word' id='word_1_320' title='bbox 1023 3920 1140 3947; x_wconf 82' lang='lat' dir='ltr'>corr.</span> <span class='ocrx_word' id='word_1_321' title='bbox 1223 3909 1270 3958; x_wconf 80' lang='lat' dir='ltr'>k)</span> <span class='ocrx_word' id='word_1_322' title='bbox 1299 3906 1422 3949; x_wconf 76' lang='lat' dir='ltr'>adul.</span> <span class='ocrx_word' id='word_1_323' title='bbox 1441 3909 1509 3947; x_wconf 67' lang='grc' dir='ltr'><strong>Ξῖ).</strong></span> <span class='ocrx_word' id='word_1_324' title='bbox 1531 3921 1566 3948; x_wconf 83' lang='lat' dir='ltr'>c.</span> <span class='ocrx_word' id='word_1_325' title='bbox 1587 3908 1631 3948; x_wconf 88' lang='lat'>3.</span> <span class='ocrx_word' id='word_1_326' title='bbox 1722 3910 1753 3958; x_wconf 95' lang='lat' dir='ltr'>l)</span> <span class='ocrx_word' id='word_1_327' title='bbox 1783 3911 1845 3948; x_wconf 76' lang='lat' dir='ltr'>ita</span> <span class='ocrx_word' id='word_1_328' title='bbox 1866 3912 1913 3961; x_wconf 76' lang='lat'>15</span> <span class='ocrx_word' id='word_1_329' title='bbox 1946 3909 2157 3949; x_wconf 79' lang='lat' dir='ltr'>delectari</span> <span class='ocrx_word' id='word_1_330' title='bbox 2184 3910 2281 3949; x_wconf 75' lang='lat' dir='ltr'>rell.</span> <span class='ocrx_word' id='word_1_331' title='bbox 2374 3911 2433 3958; x_wconf 87' lang='lat' dir='ltr'>m)</span> <span class='ocrx_word' id='word_1_332' title='bbox 2462 3910 2639 3949; x_wconf 73' lang='lat' dir='ltr'>subitae</span> <span class='ocrx_word' id='word_1_333' title='bbox 2656 3911 2727 3949; x_wconf 66' lang='lat' dir='ltr'>eb.</span> <span class='ocrx_word' id='word_1_334' title='bbox 2746 3910 2775 3949; x_wconf 87' lang='lat'>3</span> <span class='ocrx_word' id='word_1_335' title='bbox 2802 3912 2973 3959; x_wconf 62' lang='lat' dir='ltr'>(corn).</span> 
     </span>
    </p>

    <p class='ocr_par' dir='ltr' id='par_1_5' title="bbox 754 3962 3055 4173">
     <span class='ocr_line' id='line_1_39' title="bbox 755 3962 2971 4013; baseline 0 -12"><span class='ocrx_word' id='word_1_336' title='bbox 755 3963 800 4011; x_wconf 90' lang='lat' dir='ltr'>n)</span> <span class='ocrx_word' id='word_1_337' title='bbox 820 3962 1026 4001; x_wconf 76' lang='lat' dir='ltr'>incitaret</span> <span class='ocrx_word' id='word_1_338' title='bbox 1043 3962 1084 4001; x_wconf 76' lang='grc'><strong>8.</strong></span> <span class='ocrx_word' id='word_1_339' title='bbox 1099 3962 1127 4001; x_wconf 86' lang='grc'>4</span> <span class='ocrx_word' id='word_1_340' title='bbox 1144 3962 1253 4009; x_wconf 77' lang='lat' dir='ltr'>(non</span> <span class='ocrx_word' id='word_1_341' title='bbox 1271 3963 1339 4003; x_wconf 69' lang='grc' dir='ltr'><strong>ὃὸ.</strong></span> <span class='ocrx_word' id='word_1_342' title='bbox 1357 3962 1421 4013; x_wconf 79' lang='lat' dir='ltr'>cl)</span> <span class='ocrx_word' id='word_1_343' title='bbox 1448 3967 1486 4001; x_wconf 78' lang='lat' dir='ltr'>et</span> <span class='ocrx_word' id='word_1_344' title='bbox 1504 3974 1562 4003; x_wconf 87' lang='lat' dir='ltr'>m.</span> <span class='ocrx_word' id='word_1_345' title='bbox 1592 3964 1653 4002; x_wconf 78' lang='lat' dir='ltr'>al.</span> <span class='ocrx_word' id='word_1_346' title='bbox 1683 3964 1752 4002; x_wconf 83' lang='lat' dir='ltr'>2a.</span> <span class='ocrx_word' id='word_1_347' title='bbox 1836 3964 1878 4012; x_wconf 95' lang='lat' dir='ltr'>o)</span> <span class='ocrx_word' id='word_1_348' title='bbox 1918 3963 2152 4011; x_wconf 82' lang='lat' dir='ltr'>cunctique</span> <span class='ocrx_word' id='word_1_349' title='bbox 2170 3974 2249 4011; x_wconf 77' lang='lat' dir='ltr'>pr.</span> <span class='ocrx_word' id='word_1_350' title='bbox 2278 3974 2338 4002; x_wconf 91' lang='lat' dir='ltr'>m.</span> <span class='ocrx_word' id='word_1_351' title='bbox 2366 3964 2436 4002; x_wconf 67' lang='lat' dir='ltr'>sa.</span> <span class='ocrx_word' id='word_1_352' title='bbox 2520 3965 2565 4012; x_wconf 86' lang='lat' dir='ltr'>p)</span> <span class='ocrx_word' id='word_1_353' title='bbox 2604 3962 2882 4013; x_wconf 72' lang='lat' dir='ltr'>reliquarum</span> <span class='ocrx_word' id='word_1_354' title='bbox 2901 3976 2971 4013; x_wconf 76' lang='lat' dir='ltr'>pr.</span> 
     </span>
     <span class='ocr_line' id='line_1_40' title="bbox 754 4015 2975 4071; baseline 0 -16"><span class='ocrx_word' id='word_1_355' title='bbox 754 4026 814 4056; x_wconf 81' lang='lat' dir='ltr'>m.</span> <span class='ocrx_word' id='word_1_356' title='bbox 845 4016 914 4055; x_wconf 67' lang='lat' dir='ltr'>za.</span> <span class='ocrx_word' id='word_1_357' title='bbox 998 4016 1042 4063; x_wconf 92' lang='lat' dir='ltr'>q)</span> <span class='ocrx_word' id='word_1_358' title='bbox 1071 4015 1150 4055; x_wconf 86' lang='lat' dir='ltr'>sed</span> <span class='ocrx_word' id='word_1_359' title='bbox 1175 4016 1244 4066; x_wconf 66' lang='lat' dir='ltr'>sb,</span> <span class='ocrx_word' id='word_1_360' title='bbox 1271 4028 1420 4063; x_wconf 71' lang='lat' dir='ltr'>corr„-</span> <span class='ocrx_word' id='word_1_361' title='bbox 1445 4027 1607 4065; x_wconf 70' lang='lat' dir='ltr'>magna</span> <span class='ocrx_word' id='word_1_362' title='bbox 1632 4017 1714 4064; x_wconf 84' lang='lat' dir='ltr'>(m.</span> <span class='ocrx_word' id='word_1_363' title='bbox 1738 4017 1799 4057; x_wconf 80' lang='lat' dir='ltr'>al.</span> <span class='ocrx_word' id='word_1_364' title='bbox 1826 4027 1943 4055; x_wconf 73' lang='lat' dir='ltr'>corr.</span> <span class='ocrx_word' id='word_1_365' title='bbox 1972 4020 2201 4065; x_wconf 72' lang='lat' dir='ltr'>magnam)</span> <span class='ocrx_word' id='word_1_366' title='bbox 2227 4027 2274 4055; x_wconf 85' lang='lat' dir='ltr'>se</span> <span class='ocrx_word' id='word_1_367' title='bbox 2301 4016 2367 4055; x_wconf 82' lang='lat' dir='ltr'>ibi</span> <span class='ocrx_word' id='word_1_368' title='bbox 2394 4022 2484 4056; x_wconf 79' lang='lat' dir='ltr'>tam</span> <span class='ocrx_word' id='word_1_369' title='bbox 2510 4016 2613 4057; x_wconf 73' lang='lat' dir='ltr'>auri</span> <span class='ocrx_word' id='word_1_370' title='bbox 2640 4026 2777 4065; x_wconf 72' lang='lat' dir='ltr'>quam</span> <span class='ocrx_word' id='word_1_371' title='bbox 2804 4017 2975 4071; x_wconf 73' lang='lat' dir='ltr'>argenti</span> 
     </span>
     <span class='ocr_line' id='line_1_41' title="bbox 755 4067 3055 4121; baseline 0.001 -13"><span class='ocrx_word' id='word_1_372' title='bbox 755 4068 932 4119; x_wconf 72' lang='lat' dir='ltr'>copiam</span> <span class='ocrx_word' id='word_1_373' title='bbox 957 4068 1020 4108; x_wconf 75' lang='lat'>20.</span> <span class='ocrx_word' id='word_1_374' title='bbox 1131 4070 1169 4118; x_wconf 85' lang='lat' dir='ltr'>r)</span> <span class='ocrx_word' id='word_1_375' title='bbox 1199 4067 1388 4109; x_wconf 77' lang='lat' dir='ltr'>credam</span> <span class='ocrx_word' id='word_1_376' title='bbox 1408 4082 1485 4119; x_wconf 78' lang='lat' dir='ltr'>pr.</span> <span class='ocrx_word' id='word_1_377' title='bbox 1516 4082 1574 4108; x_wconf 88' lang='lat' dir='ltr'>m.</span> <span class='ocrx_word' id='word_1_378' title='bbox 1606 4070 1685 4118; x_wconf 80' lang='lat' dir='ltr'>2a,·</span> <span class='ocrx_word' id='word_1_379' title='bbox 1722 4070 1889 4109; x_wconf 74' lang='lat' dir='ltr'>habere</span> <span class='ocrx_word' id='word_1_380' title='bbox 1915 4069 2018 4108; x_wconf 80' lang='lat' dir='ltr'>add.</span> <span class='ocrx_word' id='word_1_381' title='bbox 2045 4068 2109 4107; x_wconf 79' lang='grc' dir='ltr'>2ο.</span> <span class='ocrx_word' id='word_1_382' title='bbox 2220 4070 2255 4118; x_wconf 84' lang='lat' dir='ltr'>s)</span> <span class='ocrx_word' id='word_1_383' title='bbox 2294 4074 2395 4109; x_wconf 70' lang='lat' dir='ltr'>erat</span> <span class='ocrx_word' id='word_1_384' title='bbox 2419 4068 2462 4109; x_wconf 87' lang='lat'>3.</span> <span class='ocrx_word' id='word_1_385' title='bbox 2490 4070 2543 4111; x_wconf 79' lang='lat'>4.</span> <span class='ocrx_word' id='word_1_386' title='bbox 2644 4072 2679 4119; x_wconf 82' lang='lat' dir='ltr'>t)</span> <span class='ocrx_word' id='word_1_387' title='bbox 2717 4076 2882 4110; x_wconf 77' lang='lat' dir='ltr'>:metus</span> <span class='ocrx_word' id='word_1_388' title='bbox 2900 4082 2973 4121; x_wconf 78' lang='lat' dir='ltr'>pr.</span> <span class='ocrx_word' id='word_1_389' title='bbox 3005 4076 3055 4115; x_wconf 74' lang='lat'>40</span> 
     </span>
     <span class='ocr_line' id='line_1_42' title="bbox 754 4119 2972 4173; baseline 0.001 -13"><span class='ocrx_word' id='word_1_390' title='bbox 754 4133 812 4160; x_wconf 84' lang='lat' dir='ltr'>m.</span> <span class='ocrx_word' id='word_1_391' title='bbox 843 4121 914 4160; x_wconf 72' lang='grc' dir='ltr'>2ο.</span> <span class='ocrx_word' id='word_1_392' title='bbox 1024 4122 1069 4169; x_wconf 90' lang='lat' dir='ltr'>u)</span> <span class='ocrx_word' id='word_1_393' title='bbox 1099 4120 1329 4163; x_wconf 60' lang='lat' dir='ltr'>residuum</span> <span class='ocrx_word' id='word_1_394' title='bbox 1349 4134 1427 4173; x_wconf 64' lang='lat' dir='ltr'>pr.</span> <span class='ocrx_word' id='word_1_395' title='bbox 1457 4134 1515 4161; x_wconf 87' lang='lat' dir='ltr'>m.</span> <span class='ocrx_word' id='word_1_396' title='bbox 1547 4124 1616 4161; x_wconf 81' lang='lat' dir='ltr'>2a.</span> <span class='ocrx_word' id='word_1_397' title='bbox 1739 4123 1785 4171; x_wconf 79' lang='lat' dir='ltr'>v)</span> <span class='ocrx_word' id='word_1_398' title='bbox 1824 4123 1885 4161; x_wconf 78' lang='lat' dir='ltr'>ita</span> <span class='ocrx_word' id='word_1_399' title='bbox 1914 4125 1961 4173; x_wconf 79' lang='lat'>13</span> <span class='ocrx_word' id='word_1_400' title='bbox 2000 4119 2214 4171; x_wconf 82' lang='lat' dir='ltr'>stipendii</span> <span class='ocrx_word' id='word_1_401' title='bbox 2242 4122 2339 4160; x_wconf 76' lang='lat' dir='ltr'>rell.</span> <span class='ocrx_word' id='word_1_402' title='bbox 2448 4126 2506 4172; x_wconf 82' lang='lat' dir='ltr'>w)</span> <span class='ocrx_word' id='word_1_403' title='bbox 2544 4134 2659 4162; x_wconf 81' lang='lat' dir='ltr'>corr.</span> <span class='ocrx_word' id='word_1_404' title='bbox 2690 4124 2911 4163; x_wconf 82' lang='lat' dir='ltr'>obseratis</span> <span class='ocrx_word' id='word_1_405' title='bbox 2934 4122 2972 4172; x_wconf 82' lang='lat'>3,</span> 
     </span>
    </p>

    <p class='ocr_par' dir='ltr' id='par_1_6' title="bbox 753 4174 2973 4281">
     <span class='ocr_line' id='line_1_43' title="bbox 753 4174 2970 4227; baseline 0 -13"><span class='ocrx_word' id='word_1_406' title='bbox 753 4178 794 4214; x_wconf 74' lang='lat' dir='ltr'>et</span> <span class='ocrx_word' id='word_1_407' title='bbox 827 4174 890 4212; x_wconf 75' lang='lat' dir='ltr'>ita</span> <span class='ocrx_word' id='word_1_408' title='bbox 925 4175 988 4214; x_wconf 76' lang='lat'>20.</span> <span class='ocrx_word' id='word_1_409' title='bbox 1021 4174 1068 4214; x_wconf 83' lang='lat'>4.</span> <span class='ocrx_word' id='word_1_410' title='bbox 1228 4177 1274 4224; x_wconf 86' lang='lat' dir='ltr'>x)</span> <span class='ocrx_word' id='word_1_411' title='bbox 1317 4176 1381 4213; x_wconf 68' lang='lat' dir='ltr'>ita</span> <span class='ocrx_word' id='word_1_412' title='bbox 1409 4176 1457 4226; x_wconf 78' lang='lat'>15</span> <span class='ocrx_word' id='word_1_413' title='bbox 1499 4175 1611 4222; x_wconf 84' lang='lat' dir='ltr'>clu(s</span> <span class='ocrx_word' id='word_1_414' title='bbox 1652 4175 1967 4223; x_wconf 49' lang='lat' dir='ltr'>austremonio</span> <span class='ocrx_word' id='word_1_415' title='bbox 2008 4176 2082 4222; x_wconf 81' lang='lat' dir='ltr'>2c,·</span> <span class='ocrx_word' id='word_1_416' title='bbox 2122 4175 2328 4215; x_wconf 79' lang='lat' dir='ltr'>claustris</span> <span class='ocrx_word' id='word_1_417' title='bbox 2372 4176 2575 4225; x_wconf 77' lang='lat' dir='ltr'>(eaustris</span> <span class='ocrx_word' id='word_1_418' title='bbox 2607 4176 2677 4225; x_wconf 68' lang='lat' dir='ltr'>sa,</span> <span class='ocrx_word' id='word_1_419' title='bbox 2718 4176 2853 4227; x_wconf 78' lang='lat' dir='ltr'>corr.)</span> <span class='ocrx_word' id='word_1_420' title='bbox 2884 4178 2970 4215; x_wconf 76' lang='lat' dir='ltr'>rell.</span> 
     </span>
     <span class='ocr_line' id='line_1_44' title="bbox 754 4225 2973 4281; baseline 0 -14"><span class='ocrx_word' id='word_1_421' title='bbox 754 4228 805 4281; x_wconf 80' lang='lat' dir='ltr'>y)</span> <span class='ocrx_word' id='word_1_422' title='bbox 831 4228 1132 4277; x_wconf 71' lang='lat' dir='ltr'>azsportavit,</span> <span class='ocrx_word' id='word_1_423' title='bbox 1162 4238 1252 4267; x_wconf 70' lang='lat' dir='ltr'>ras.</span> <span class='ocrx_word' id='word_1_424' title='bbox 1282 4238 1312 4266; x_wconf 86' lang='lat' dir='ltr'>u</span> <span class='ocrx_word' id='word_1_425' title='bbox 1341 4230 1380 4267; x_wconf 88' lang='lat'>1.</span> <span class='ocrx_word' id='word_1_426' title='bbox 1489 4228 1528 4275; x_wconf 84' lang='lat' dir='ltr'>z)</span> <span class='ocrx_word' id='word_1_427' title='bbox 1565 4225 1781 4275; x_wconf 65' lang='lat' dir='ltr'>adamato</span> <span class='ocrx_word' id='word_1_428' title='bbox 1816 4239 1875 4267; x_wconf 83' lang='lat' dir='ltr'>m.</span> <span class='ocrx_word' id='word_1_429' title='bbox 1904 4229 1963 4267; x_wconf 81' lang='lat' dir='ltr'>al.</span> <span class='ocrx_word' id='word_1_430' title='bbox 1994 4228 2041 4265; x_wconf 76' lang='lat' dir='ltr'>in</span> <span class='ocrx_word' id='word_1_431' title='bbox 2068 4230 2176 4277; x_wconf 74' lang='lat' dir='ltr'>ras.)</span> <span class='ocrx_word' id='word_1_432' title='bbox 2206 4234 2433 4279; x_wconf 83' lang='lat' dir='ltr'>comperto</span> <span class='ocrx_word' id='word_1_433' title='bbox 2460 4230 2503 4269; x_wconf 83' lang='grc'><strong>3.</strong></span> <span class='ocrx_word' id='word_1_434' title='bbox 2609 4232 2653 4279; x_wconf 76' lang='lat' dir='ltr'>a)</span> <span class='ocrx_word' id='word_1_435' title='bbox 2692 4230 2859 4271; x_wconf 73' lang='lat' dir='ltr'>haustu</span> <span class='ocrx_word' id='word_1_436' title='bbox 2882 4229 2927 4269; x_wconf 86' lang='lat'>3.</span> <span class='ocrx_word' id='word_1_437' title='bbox 2948 4228 2973 4268; x_wconf 84' lang='lat'>4</span> 
     </span>
    </p>

    <p class='ocr_par' dir='ltr' id='par_1_7' title="bbox 754 4280 2472 4335">
     <span class='ocr_line' id='line_1_45' title="bbox 754 4280 2472 4335; baseline 0.001 -16"><span class='ocrx_word' id='word_1_438' title='bbox 754 4286 794 4319; x_wconf 77' lang='lat' dir='ltr'>et</span> <span class='ocrx_word' id='word_1_439' title='bbox 821 4293 880 4321; x_wconf 85' lang='lat' dir='ltr'>m.</span> <span class='ocrx_word' id='word_1_440' title='bbox 909 4282 970 4321; x_wconf 85' lang='lat' dir='ltr'>al.</span> <span class='ocrx_word' id='word_1_441' title='bbox 998 4281 1069 4322; x_wconf 85' lang='lat' dir='ltr'>4a.</span> <span class='ocrx_word' id='word_1_442' title='bbox 1178 4282 1225 4330; x_wconf 74' lang='lat' dir='ltr'>b),</span> <span class='ocrx_word' id='word_1_443' title='bbox 1261 4281 1324 4319; x_wconf 72' lang='lat' dir='ltr'>ita</span> <span class='ocrx_word' id='word_1_444' title='bbox 1349 4282 1398 4330; x_wconf 84' lang='lat'>13</span> <span class='ocrx_word' id='word_1_445' title='bbox 1439 4281 1514 4329; x_wconf 64' lang='grc' dir='ltr'>σοι</span> <span class='ocrx_word' id='word_1_446' title='bbox 1541 4291 1601 4319; x_wconf 86' lang='lat' dir='ltr'>m.</span> <span class='ocrx_word' id='word_1_447' title='bbox 1631 4280 1691 4318; x_wconf 85' lang='lat' dir='ltr'>al.</span> <span class='ocrx_word' id='word_1_448' title='bbox 1720 4280 1767 4319; x_wconf 67' lang='lat' dir='ltr'>in</span> <span class='ocrx_word' id='word_1_449' title='bbox 1792 4280 2043 4329; x_wconf 54' lang='lat' dir='ltr'>roccolenum</span> <span class='ocrx_word' id='word_1_450' title='bbox 2070 4282 2119 4335; x_wconf 75' lang='lat'>33</span> <span class='ocrx_word' id='word_1_451' title='bbox 2146 4282 2348 4331; x_wconf 75' lang='lat' dir='ltr'>gulosam</span> <span class='ocrx_word' id='word_1_452' title='bbox 2375 4282 2472 4323; x_wconf 79' lang='lat' dir='ltr'>rell.</span> 
     </span>
    </p>
   </div>
   <div class='ocr_carea' id='block_1_5' title="bbox 755 4438 3053 4578">
    <p class='ocr_par' dir='ltr' id='par_1_8' title="bbox 755 4438 3053 4578">
     <span class='ocr_line' id='line_1_46' title="bbox 761 4438 3053 4562; baseline 0.001 -69"><span class='ocrx_word' id='word_1_453' title='bbox 761 4441 813 4521; x_wconf 64' lang='lat' dir='ltr'>l)</span> <span class='ocrx_word' id='word_1_454' title='bbox 852 4441 1273 4562; x_wconf 48' lang='lat' dir='ltr'>lss&#39;f,·Aldhelm.‚.</span> <span class='ocrx_word' id='word_1_455' title='bbox 1305 4440 1384 4492; x_wconf 85' lang='lat' dir='ltr'>De</span> <span class='ocrx_word' id='word_1_456' title='bbox 1417 4439 1574 4502; x_wconf 74' lang='lat' dir='ltr'>laude</span> <span class='ocrx_word' id='word_1_457' title='bbox 1622 4442 1814 4506; x_wconf 72' lang='lat' dir='ltr'>virqin.</span> <span class='ocrx_word' id='word_1_458' title='bbox 1862 4454 1907 4491; x_wconf 85' lang='lat' dir='ltr'>c.</span> <span class='ocrx_word' id='word_1_459' title='bbox 1944 4440 2013 4494; x_wconf 83' lang='lat'>29</span> <span class='ocrx_word' id='word_1_460' title='bbox 2058 4438 2231 4505; x_wconf 63' lang='lat' dir='ltr'>(Gaas</span> <span class='ocrx_word' id='word_1_461' title='bbox 2270 4458 2331 4507; x_wconf 80' lang='lat' dir='ltr'>p.</span> <span class='ocrx_word' id='word_1_462' title='bbox 2369 4444 2499 4506; x_wconf 84' lang='lat'><em>34):</em></span> <span class='ocrx_word' id='word_1_463' title='bbox 2544 4441 2737 4511; x_wconf 82' lang='lat' dir='ltr'>gulosa</span> <span class='ocrx_word' id='word_1_464' title='bbox 2773 4440 2971 4496; x_wconf 79' lang='lat' dir='ltr'>ventris</span> <span class='ocrx_word' id='word_1_465' title='bbox 3003 4454 3053 4495; x_wconf 73' lang='lat'>45</span> 
     </span>
     <span class='ocr_line' id='line_1_47' title="bbox 755 4528 1011 4578; baseline 0.004 -15"><span class='ocrx_word' id='word_1_466' title='bbox 755 4528 852 4578; x_wconf 84' lang='lat' dir='ltr'>mg</span> <span class='ocrx_word' id='word_1_467' title='bbox 872 4528 1011 4565; x_wconf 75' lang='lat' dir='ltr'>uvle.</span> 
     </span>
    </p>
   </div>
  </div>
 </body>
</html>
