3167 5192
589 458 734 514 XIV
1474 456 1934 515 PRAEFATIO.

590 642 893 721 ordiaIiS,
940 648 1124 723 atque
1169 642 1246 707 de
1289 639 1745 707 contribulibus
1802 662 1999 724 aycns
2044 641 2561 708 contribunales
2620 639 2827 723 inepte

579 729 870 813 posuerit
911 726 994 809 (c.
1029 729 1166 811 5).
1123 730 1147 769 ¹
1245 729 1534 795 Nomina
1572 728 1827 795 Graeca
1870 752 1905 795 e
1948 729 2361 815 scriptom’bus
2389 728 2829 797 ecclesiasticis

583 818 1038 902 ylossariisque
1082 824 1398 903 comperta
1442 818 1666 883 habuit
1708 819 1897 885 haec:
1940 820 2500 897 archimandrita,
2538 820 2824 885 authen·

587 909 788 988 ticus,
823 908 1298 992 castrimargia
1327 902 1841 991 (γαστριμαργία),
1876 910 2309 993 cyrografum
2334 903 2819 991 (χειρόγραφον),

591 996 1016 1075 dialecticus,
1089 998 1367 1081 epipata
1425 992 1783 1081 (ἐπιβάτης),
1856 998 2473 1081 historiographus,
2535 997 2818 1081 logicus,
2862 1020 2889 1059 ⁵

587 1086 981 1151 nauclerius
1013 1081 1431 1170 (ναύκληρος),
1464 1086 1769 1163 naulum,
1800 1086 2262 1185 paedagogae,
2296 1086 2817 1171 paedagogium,

588 1179 884 1259 proreta,
932 1176 1254 1240 stadium.
1346 1172 1523 1239 Ludi
1567 1173 1872 1239 litterarii
1915 1173 2292 1241 mentionem
2335 1173 2605 1255 faciens,
2658 1176 2825 1255 quod

587 1264 954 1329 vocabulum
1011 1263 1141 1329 sive
1197 1283 1275 1328 ex
1341 1261 1564 1328 Oresio
1626 1257 1719 1343 (I,
1786 1260 2023 1345 18,1)
2092 1262 2221 1329 sive
2278 1262 2540 1328 aliunde
2606 1269 2819 1327 notum

583 1352 920 1434 ylossariis
962 1351 1500 1435 Anylosaxonicis
1542 1351 1793 1417 illatum
1851 1358 2050 1432 crat,
2008 1354 2035 1393 ²
2112 1352 2262 1417 ludi
2306 1358 2367 1417 et
2409 1352 2635 1416 laudis
2684 1372 2819 1416 con-

586 1440 831 1519 fudisse
874 1440 1156 1506 videtur:
2858 1465 2911 1503 ιο

689 1536 846 1610 pul.
908 1554 1038 1595 non
1081 1537 1369 1612 propriae
1413 1537 1579 1593 ludis
1626 1537 1889 1595 litterari
1936 1537 2199 1595 scientia
2230 1536 2555 1595 confidens
2600 1528 2706 1607 (cf.
2737 1535 2813 1593 ib.

904 1626 1076 1695 infra
1090 1648 1108 1684 .·
1153 1643 1282 1684 non
1326 1626 1612 1701 propriae
1643 1626 2172 1700 praesumptionis
2203 1626 2541 1683 insolentia
2572 1619 2814 1695 fretus),

698 1732 744 1771 c.
781 1715 840 1772 2.
904 1715 1034 1791 iugi
1078 1714 1244 1772 ludis
1289 1714 1549 1773 litterari
1598 1714 2028 1782 meditatione,

689 1802 844 1875 prol.
906 1805 1193 1878 propriae
1240 1803 1408 1859 ludis
1453 1803 1857 1877 praeconium
1888 1804 2208 1877 requirens
2254 1797 2357 1875 (cf.
2407 1820 2454 1862 c.
2490 1802 2563 1861 3:
2611 1803 2815 1859 laudis

905 1909 1154 1967 semper
1197 1886 1641 1967 praeconium).
2856 1909 2907 1949 1⁶

588 1974 721 2037 Pro
765 1976 1104 2041 facessere
1150 1970 1269 2051 (=
1315 1972 1649 2053 discedere,
1698 1972 1973 2053 cessare)
2019 1993 2190 2038 more
2234 1972 2561 2038 Aldhelmi
2606 1974 2819 2038 faces-

587 2084 736 2127 sare
781 2061 1074 2146 scripsit:

699 2176 745 2215 c.
781 2157 844 2214 2.
905 2158 1208 2233 pueritiae
1255 2158 1611 2216 facessante
1658 2158 1935 2225 lascivia,

698 2265 743 2304 e.
782 2247 842 2303 6.
908 2247 1263 2305 facessante
1312 2263 1569 2305 suorum
1617 2263 1837 2321 regum
1885 2248 2163 2305 dominio
2182 2241 2225 2304 3.

587 2327 995 2411 Deponentia
1036 2335 1095 2394 et
1126 2326 1397 2410 passiva
1439 2335 1513 2393 ut
1553 2327 1765 2394 activa
1808 2328 2177 2409 usurpavit:
2222 2329 2657 2412 adgrediunt,
2706 2330 2813 2393 de·
2852 2353 2904 2391 ιο

587 2418 847 2493 molire,
881 2419 1063 2495 fiere,
1097 2418 1603 2496 sermocinaret,
1637 2417 1922 2483 sedante
1961 2415 2079 2498 (=
2111 2416 2363 2499 sedata)
2402 2416 2811 2502 populorum

586 2507 1108 2590 perturbatione
1127 2558 1141 2581 ,
1203 2512 1262 2571 et
1303 2504 1435 2571 vice
1479 2526 1665 2571 versa
1679 2528 1701 2571 .·
1745 2507 2219 2590 temptabatur
2269 2502 2385 2584 (=
2424 2503 2833 2587 temptabat),

491 2595 496 2599 ’
587 2595 959 2660 adventata
991 2593 1109 2676 (=
1141 2594 1516 2678 adveniens)
1533 2616 1558 2675 ,·
1594 2596 1848 2660 verbum
1880 2595 2225 2678 quiescere
2258 2615 2445 2659 sensu
2475 2592 2813 2659 transitivo

584 2683 878 2749 adhibuit
932 2684 1139 2749 eodem
1197 2685 1378 2749 modo
1437 2690 1623 2765 atque
1666 2682 2175 2748 sanctimonialis
2218 2681 2815 2748 Heidenheimensis

583 2771 938 2837 imitatrix:
2850 2794 2904 2833 2⁶

697 2885 743 2923 c.
781 2867 840 2924 5.
901 2868 1137 2925 lassata
1181 2885 1259 2925 ex
1305 2870 1543 2926 itenere
1589 2867 1871 2925 membra
1917 2868 2365 2942 requiescebat,

697 2973 744 3013 c.
779 2955 840 3013 6.
904 2955 1065 3014 Cum
1111 2972 1259 3013 vero
1303 2957 1541 3014 lassata
1587 2958 1905 3031 paulisper
1963 2957 2246 3014 membra
2306 2956 2648 3031 quievisset
2709 2949 2811 3029 [cf.

1019 3044 1085 3102 V.
1129 3043 1504 3117 Wynnebaldi
1549 3063 1597 3103 c.
1648 3044 1708 3101 2.
1758 3044 1798 3102 4
1846 3044 1935 3119 (p.
1991 3044 2137 3115 107,
2186 3045 2287 3104 31.
2344 3043 2489 3113 109,
2542 3042 2688 3110 18).·
2733 3044 2814 3101 Et

1011 3134 1099 3191 sic
1146 3137 1668 3192 castrametantes
1700 3134 1933 3192 ibidem
1962 3129 2033 3205 (c.
2068 3132 2143 3191 4:
2178 3134 2260 3191 Et
2289 3134 2413 3192 illic
2442 3126 2812 3203 venientes),

1010 3224 1329 3297 paulisper
1351 3223 1591 3281 lassata
1616 3224 1693 3280 de
1721 3224 1959 3281 itenere
1986 3223 2460 3297 requiescebant
2486 3214 2811 3294 membra].
2851 3240 2909 3277 so

587 3445 641 3512 1)
703 3445 888 3496 Etiam
950 3444 1200 3496 adverbia
1253 3446 1313 3494 in
1369 3443 1467 3495 -im
1522 3444 1816 3497 desinentia
1870 3444 2084 3510 saepius
2141 3442 2425 3493 adhibuit:
2484 3440 2814 3506 alternatim,

582 3514 837 3583 carptim,
887 3514 1192 3581 confestim,
1246 3513 1636 3583 conglobatim,
1684 3512 1903 3582 partim,
1957 3512 2239 3581 paulatim,
2292 3512 2565 3581 privatim,
2616 3510 2814 3577 saltim,

583 3585 830 3654 sparsim,
867 3585 1068 3651 statim,
1113 3584 1444 3652 summatim,
1491 3585 1708 3639 suotim.
1783 3586 2048 3651 Inprimis
2081 3584 2413 3637 substantiva
2448 3586 2507 3637 in
2548 3582 2652 3637 -tio
2701 3583 2816 3647 frc-

584 3658 869 3724 quentavit,
917 3674 1146 3742 quorum
1184 3660 1288 3712 130
1323 3658 1437 3721 fere
1471 3657 1620 3723 apud
1667 3672 1785 3709 eum
1836 3657 2102 3722 loquutur,
2151 3657 2373 3724 itemque
2420 3658 2479 3706 in
2532 3660 2637 3707 -tas
2685 3655 2816 3707 desi-

585 3728 830 3779 nentibus
865 3731 1029 3780 nimis
1065 3729 1216 3780 valde
1245 3728 1465 3792 studuit,
1502 3729 1582 3779 ita
1614 3733 1672 3777 ut
1702 3729 1829 3793 plus
1862 3728 1933 3781 60
1963 3726 2256 3781 admiserit.
2366 3729 2421 3794 2)
2465 3727 2641 3790 Sweet,
2681 3726 2816 3777 ‘The
2852 3736 2904 3775 35

585 3800 743 3851 oldest
779 3799 1013 3865 Enylish
1047 3798 1242 3865 Texts',
1285 3800 1643 3865 1885‚p.72,
1674 3799 1799 3853 578.
1838 3800 2122 3864 75,1245,·
2159 3798 2333 3863 Goetz,
2372 3798 2580 3864 Corpus
2613 3797 2815 3864 ylossa-

583 3873 794 3923 m’orum
819 3870 1144 3922 Latinorum
1177 3871 1238 3937 V,
1266 3873 1387 3936 368,
1414 3816 1512 3924 43²}
1551 3867 1698 3921 Ludi
1733 3868 1963 3922 litterari
2006 3870 2100 3937 (al.
2124 3867 2373 3937 litterali)
2407 3866 2813 3936 ‘Kstaebplegan

587 3943 668 4009 Cf.
707 3943 922 3995 Asseria·
957 3941 1117 3993 Gesta
1153 3942 1402 4005 Aelfrcdi
1447 3956 1488 3993 c.
1523 3942 1594 3996 75
1642 3941 1744 4004 (ed.
1798 3939 2095 4004 Scevenson,
2148 3942 2303 4004 1904,
2343 3956 2403 4005 p.
2442 3941 2572 3997 58)·
2623 3936 2816 3991 ludis

586 4013 860 4067 literariae
897 4010 1235 4080 disciplinae.
1366 4014 1422 4078 3)
1463 4011 1791 4077 Aldhelmus,
1827 4012 1908 4063 De
1943 4012 2099 4062 laude
2122 4011 2456 4077 virqinitatis
2484 4026 2526 4063 c.
2552 4012 2587 4065 8
2613 4009 2815 4075 (opera

583 4086 662 4139 ed.
712 4086 940 4153 Gilesp
943 4085 1089 4148 .7).
1140 4082 1298 4135 furvo
1348 4081 1649 4135 facessante
1700 4081 1898 4135 veteris
1947 4080 2292 4134 instrumenti
2342 4079 2692 4147 umbracu103
2744 4081 2818 4131 ad
2851 4090 2905 4129 40

585 4156 924 4220 Eahfm'dum
959 4156 1056 4220 (ib.
1099 4171 1163 4221 Ρ.
1200 4156 1327 4214 93)·
1375 4152 1597 4221 proprio
1635 4152 1937 4207 facessante
1972 4150 2295 4205 meritorum
2332 4156 2588 4220 quaestu3
2626 4120 2816 4203 cliarta

585 4227 778 4279 dubiae
811 4228 938 4291 fidei
971 4243 1005 4277 a
1042 4226 1329 4278 Leutherio
1377 4227 1612 4292 episcopo
1660 4241 1711 4277 a.
1750 4226 1869 4280 675.
1917 4238 2022 4291 pro
2056 4223 2333 4277 Aldhelmo
2380 4223 2514 4276 data
2555 4222 2813 4289 (Kemble,

589 4297 762 4349 Codex
795 4298 1170 4365 diplomaticus
1205 4298 1321 4348 aevi
1353 4296 1615 4349 Santonici
1642 4297 1691 4362 Ι,
1728 4312 1784 4350 n.
1814 4299 1915 4356 11,·
1952 4296 2184 4362 Brewer,
2223 4297 2529 4361 Reyistvum
2566 4294 2817 4345 Malmes-

585 4368 827 4420 buriense
872 4369 921 4433 I,
976 4371 1130 4433 1879,
1173 4384 1234 4435 Ρ.
1271 4369 1412 4429 28ος
1465 4368 1697 4420 detor-im
1748 4367 1829 4422 W.
1879 4366 1941 4418 de
1993 4366 2147 4432 Gray
2198 4366 2383 4431 Birch,
2438 4365 2815 4417 cartularium

584 4438 907 4492 Saxonicum
932 4440 982 4506 Ι,
1012 4457 1066 4495 n.
1094 4443 1224 4500 37).·
1255 4437 1464 4491 torrido
1489 4438 1787 4492 facessante
1812 4441 2078 4511 caumate.
2140 4438 2221 4503 Cf.
2256 4439 2413 4489 Goetz
2444 4437 2481 4491 l.
2509 4437 2545 4489 l.
2572 4436 2668 4501 VI,
2692 4437 2813 4491 429.
2850 4444 2904 4485 45
