3167 5192
595 518 790 575 VITA
825 518 1234 574 BONIFATII
1270 520 1629 575 AUCTORE
1668 521 2181 579 WILLIBALDO.
2432 530 2503 581 43

481 701 672 780 Quae
741 703 827 766 ob
899 703 1314 767 cottidianas
1376 703 1715 768 bellorum
1788 706 2209 789 suspiciones
2269 710 2340 771 et
2408 708 2503 770 in-

251 789 516 853 festam
605 792 1318 855 circumvallantiuma
1401 786 1811 855 barbarumb
1896 795 2249 875 gentium⁰
2336 797 2502 859 sedi·

251 874 654 955 tionemdd,
705 900 839 962 qua
886 884 1368 945 extraneorum
1416 881 1628 945 alieni
1676 882 2034 945 Franciam
2092 884 2500 966 populorum

251 968 646 1050 praedones
692 970 1021 1033 atrociter
1083 969 1452 1034 demolire0
1509 970 1959 1047 conabantur,
2009 972 2119 1036 vel
2174 968 2496 1037 minimef

184 1076 212 1115 5
252 1055 457 1120 facta
516 1060 621 1121 est
679 1057 790 1122 vel
851 1058 1062 1121 etiam
1129 1062 1374 1121 tantag
1437 1060 1586 1123 erat
1652 1058 1997 1124 oblivione
2059 1062 2336 1138 tradita,
2400 1065 2499 1139 ut,

254 1146 455 1208 omni
485 1146 762 1229 penitus
794 1146 1199 1211 oblitterata
1229 1148 1697 1231 praesentium
1730 1148 2119 1213 seculorum
2150 1151 2498 1228 memoria,

253 1233 401 1297 iam
461 1234 656 1298 nulla
702 1238 880 1299 esset
941 1236 1210 1300 ratione
1272 1236 1625 1318 cognita2;
1690 1230 1893 1318 quiah
1946 1239 2245 1302 mundus
2306 1240 2501 1303 cotti-

255 1316 414 1386 die¹
495 1324 569 1385 in
646 1344 716 1388 se
784 1324 1201 1389 naturaliter
1277 1326 1382 1387 sui
1452 1325 1946 1389 detrimentum
2024 1327 2501 1392 diminutionis

258 1411 499 1474 saltim
586 1412 796 1476 etiam
887 1417 1332 1496 recuperatus
1422 1407 1765 1497 patiturk,
1858 1435 1997 1478 non
2081 1410 2487 1480 renovatusl

161 1520 218 1557 10
257 1501 545 1582 quidem
606 1521 728 1584 per
783 1502 1014 1565 omnia
1060 1522 1184 1565 suo
1232 1502 1578 1567 evanescit
1628 1502 1986 1586 dispendio
2035 1507 2106 1567 et
2166 1505 2253 1568 ad
2314 1525 2501 1587 prae-

260 1589 726 1652 distinatumm
759 1590 1150 1655 anhelando
1197 1590 1404 1654 finem
1450 1590 1810 1655 festinatn.
1889 1590 2345 1677 Quapropter,
2394 1595 2491 1657 si⁰

260 1698 444 1759 quae
491 1678 566 1740 in
613 1679 742 1742 hac
790 1679 1070 1743 mortali
1116 1679 1322 1743 huius
1369 1680 1943 1763 peregrinationis
1990 1682 2135 1744 vita
2190 1683 2278 1745 ad
2328 1702 2499 1746 com·

260 1787 544 1831 munem
591 1767 664 1829 in
709 1768 841 1831 hoc
889 1768 1146 1832 mundo
1190 1767 1694 1831 infirmantium
1741 1770 2130 1852 profectum
2178 1770 2264 1833 ab
2312 1772 2500 1854 spiri-

257 1855 526 1919 talibus
573 1856 1076 1920 medicinaliter
1121 1861 1284 1920 sunt
1333 1860 1662 1940 conperta
1708 1858 2125 1934 auctoribuS,
2188 1860 2395 1922 etiam
2444 1860 2502 1922 si

163 1961 218 2000 15
260 1945 676 2027 quandoque
745 1945 1066 2008 humanis
1134 1946 1432 2009 insertap
1493 1945 1761 2010 fuerint
1820 1946 2189 2025 mentibus,
2252 1969 2503 2031 magna

261 2037 429 2096 sunt
475 2034 878 2097 munitionis
922 2034 1339 2114 fortitudine
1387 2056 1429 2097 a
1482 2034 1845 2099 catholicis
1905 2037 2372 2100 conservanda
2430 2041 2502 2101 et

261 2123 568 2205 praefixa
629 2122 878 2185 mentis
937 2123 1468 2187 immobilitateq
1533 2124 1857 2201 tenenda,
1928 2145 2017 2188 ne
2078 2124 2187 2188 vel
2245 2125 2500 2190 oblivio

260 2211 573 2273 humana
625 2211 954 2294 obrepatr
1006 2212 1118 2275 vel
1179 2212 1389 2275 etiam
1436 2213 1826 2276 mundanae
1873 2212 2360 2277 oblectationis
2407 2216 2501 2276 in-

260 2298 617 2363 lecebrosa
681 2299 1080 2376 delectatiO,
1154 2300 1475 2363 diabulo*³
1545 2300 1953 2384 instigante,
2024 2300 2499 2386 praepediatt.

165 2404 222 2443 20
263 2386 490 2466 Quam
560 2388 646 2451 ob
719 2408 992 2452 causam
1064 2392 1343 2452 sanctus
1413 2389 1527 2453 hic
1589 2389 1872 2453 Domini
1940 2391 2249 2468 antisteS,
2322 2392 2494 2455 hac¹¹

261 2476 778 2541 sollertissimae
849 2477 1336 2541 sollicitudinis
1407 2498 1571 2541 cura
1637 2477 2047 2561 inspiratus,
2118 2479 2391 2562 plebem
2461 2500 2502 2543 a

263 2566 598 2649 pestifera
658 2567 953 2629 tortuosi
1007 2568 1344 2649 serpentis
1405 2568 1845 2649 persuasione
1908 2568 2169 2651 eripere
2233 2570 2501 2632 curavit
2518 2590 2577 2637 er.
2600 2589 2663 2629 Is.
2684 2588 2809 2638 27,1.

267 2657 338 2717 et
371 2652 952 2718 CarlomannumV
993 2656 1237 2719 ducem
1284 2657 1372 2719 ad
1421 2654 1979 2737 congregandum
2026 2657 2497 2739 supradictum

267 2743 730 2825 synodorumW
808 2747 1222 2808 conventum
1305 2744 1656 2827 sepissime
1731 2744 2145 2821 incitavitx,
2199 2748 2279 2807 ut
2353 2749 2499 2809 tam

169 2846 223 2886 2⁶
265 2832 741 2915 praesentibus
788 2853 992 2915 quam
1041 2833 1331 2916 posteris
1378 2832 1709 2916 spiritalis
1770 2832 2099 2897 scientiae
2160 2833 2501 2917 sapientia

264 2923 650 3003 patesceret
715 2925 853 2998 ety,
917 2926 1192 2985 aversaz
1269 2921 1653 2984 animarum
1713 2921 2316 3001 circumventione,
2398 2944 2500 2988 co-

263 3009 488 3091 gnitio
537 3010 1065 3073 christianitatis
1112 3010 1645 3074 innotescerety.

479 3096 786 3181 Cumque
835 3099 1222 3181 quoddam²²
1262 3098 1632 3163 canonicae
1674 3099 2114 3163 rectitudinis
2146 3101 2501 3184 speculum

264 3187 582 3251 omnibus
630 3188 717 3250 ad
766 3187 1152 3271 exemplum
1201 3188 1530 3271 gradibus
1578 3188 1752 3253 bene
1798 3188 2077 3253 vivendi
2124 3194 2501 3272 opponeret

171 3396 222 3435 ⁸0
478 3392 513 3433 1.
561 3395 666 3443 Gap.
697 3396 738 3434 8.
797 3397 837 3434 1.
867 3396 936 3435 2ο.
959 3396 998 3434 b.
1020 3406 1055 3434 ο.
1085 3394 1128 3434 3.
1156 3394 1198 3435 4.

259 3484 304 3531 a)
334 3481 762 3523 circumvallentium
783 3495 860 3533 pr.
891 3495 949 3522 m.
980 3484 1049 3523 sa.
1185 3485 1233 3531 b)
1260 3485 1323 3522 ita
1352 3485 1373 3523 1
1405 3489 1443 3523 et
1463 3496 1541 3533 pr.
1573 3496 1632 3523 m.
1663 3484 1725 3523 20.
1755 3484 1804 3533 43
1844 3486 2136 3523 barbararum
2164 3485 2231 3523 2a.
2262 3485 2310 3535 ὃς
2340 3485 2501 3524 barba-

259 3546 414 3575 rorum
443 3536 494 3573 2b
523 3540 562 3573 et
590 3548 648 3574 m.
679 3537 737 3575 al.
766 3536 809 3577 4.
907 3538 947 3586 c)
991 3537 1225 3585 gentilium
1253 3538 1322 3576 2a.
1345 3538 1384 3576 b.
1406 3549 1442 3576 c.
1545 3538 1589 3586 d)
1620 3536 1835 3577 ditionem
1856 3549 1934 3587 pr.
1964 3550 2021 3576 m.
2054 3538 2121 3575 2α.
2224 3539 2265 3586 e)
2296 3538 2501 3577 demoliri

260 3589 328 3627 2a.
352 3589 392 3627 b.
413 3587 456 3627 3.
550 3590 583 3638 t)
613 3589 795 3629 minima
821 3590 864 3629 4.
959 3592 1002 3639 g)
1033 3592 1222 3639 tant(a)e
1261 3596 1359 3629 erat
1394 3592 1629 3640 (super-scr.
1658 3590 1707 3639 3)
1735 3590 1951 3629 oblivioni
1980 3592 2041 3629 20.
2070 3589 2113 3629 3.
2250 3590 2296 3639 h)
2340 3590 2429 3637 Qui
2456 3593 2497 3631 1.

259 3642 291 3689 i)
322 3642 371 3680 in
399 3652 447 3681 se
475 3647 584 3681 cott.
613 3643 662 3691 33
693 3643 742 3681 in
769 3654 817 3682 se
849 3654 932 3681 om.
963 3644 1025 3682 20.
1123 3644 1170 3692 k)
1201 3645 1371 3692 pariter
1399 3644 1467 3683 2a.
1491 3645 1516 3682 b
1545 3646 1653 3692 (non
1680 3645 1763 3692 2⁶).
1865 3645 1895 3692 1)
1926 3648 2169 3683 renovatur
2198 3644 2252 3681 2a
2278 3644 2369 3692 (pr.
2399 3648 2496 3693 m.).

170 3696 222 3737 35
260 3696 300 3733 b.
330 3707 367 3733 c.
478 3696 537 3743 m)
567 3694 880 3745 pr(a)edestin.
913 3698 978 3735 2b.
1009 3708 1045 3735 c.
1156 3698 1202 3745 n)
1233 3698 1433 3745 {estimat
1453 3709 1529 3745 pr.
1561 3708 1619 3735 m.
1650 3698 1695 3735 in
1724 3698 1832 3745 ras.)
1863 3699 1901 3735 1.
2013 3698 2055 3746 ο)
2094 3697 2247 3744 sicque
2275 3697 2322 3735 in
2348 3698 2417 3736 2a.
2447 3698 2499 3743 b,-

259 3748 299 3787 si
327 3759 417 3796 qua
442 3749 490 3787 in
517 3748 580 3787 20.
609 3748 651 3789 4.
771 3751 815 3799 p)
853 3750 1020 3789 inserte
1039 3762 1118 3798 pr.
1148 3762 1205 3789 m.
1236 3750 1305 3789 2α.
1426 3753 1470 3798 q)
1509 3750 1773 3789 immobilita
1791 3761 1869 3799 pr.
1900 3761 1957 3788 m.
1988 3750 2058 3789 2a.
2166 3753 2204 3798 r)
2243 3752 2429 3799 abrepat
2456 3752 2498 3801 3,

257 3812 375 3840 corr.
457 3802 494 3849 s)
525 3803 588 3839 ita
615 3804 683 3841 2a.
712 3802 760 3852 43
792 3801 970 3843 diabolo
999 3804 1096 3841 rell.
1189 3805 1222 3852 t)
1252 3802 1500 3853 praepedat
1528 3806 1567 3842 1.
1662 3805 1707 3851 u)
1737 3814 1791 3842 ac
1818 3804 1887 3842 2α.
1909 3804 1933 3841 b
1960 3804 2070 3849 (non
2098 3804 2181 3853 20).
2264 3805 2310 3853 v)
2338 3806 2402 3842 ita
2428 3805 2497 3844 2α.

257 3854 299 3893 3.
329 3854 379 3902 4;
412 3853 636 3894 Charlom.
669 3857 689 3893 1
706 3868 717 3906 ;
747 3856 947 3895 Karlom.
978 3857 1044 3895 211.
1066 3868 1102 3895 c.
1201 3859 1259 3906 w)
1289 3855 1508 3907 synodum
1537 3858 1593 3895 2α
1617 3858 1709 3904 (pr.
1733 3860 1827 3905 m.).
1851 3857 1891 3895 b.
1988 3858 2033 3906 x)
2065 3856 2321 3896 incivita:it
2339 3870 2417 3907 pr.
2438 3869 2495 3897 m.

259 3908 340 3955 2a;
369 3909 528 3947 concit.
559 3909 599 3947 3.
684 3910 729 3959 y)
761 3914 806 3948 et
824 3910 1200 3949 —innotesceret
1227 3922 1284 3949 m.
1306 3911 1365 3949 al.
1387 3912 1433 3949 in
1462 3922 1601 3958 mary.
1632 3911 1841 3957 inferiore
1867 3911 2010 3960 suppl.
2041 3911 2109 3950 2α.
2204 3912 2241 3959 z)
2274 3922 2431 3951 eversa
2450 3910 2499 3960 43

166 3963 221 4003 40
259 3971 287 3999 a
315 3972 424 4000 vera
453 3962 520 3999 2b.
542 3973 578 4000 c.
691 3963 732 4011 a)
765 3964 954 4010 quodam
984 3966 1023 4013 1,
1053 3974 1170 4002 corr.

259 4140 314 4201 1)
373 4138 458 4201 Cf.
504 4139 724 4203 capitul.
761 4140 961 4202 Liftv'n.
1015 4154 1056 4193 o.
1095 4143 1130 4194 2
1180 4140 1386 4207 (Epist.
1437 4141 1548 4206 III,
1592 4143 1730 4201 312,·
1784 4141 1952 4206 Capit.
2006 4141 2053 4207 I,
2093 4143 2222 4207 28).·
2271 4141 2499 4207 propter

257 4208 585 4261 inminentia
620 4208 769 4261 bella
806 4212 862 4261 et
897 4210 1301 4277 persecutiones
1340 4214 1651 4263 ceterarum
1689 4211 1955 4279 gentium,
1994 4226 2133 4278 quae
2170 4211 2226 4262 in
2264 4210 2497 4263 circuitu

257 4282 448 4331 nostro
486 4284 628 4334 sunt.
811 4280 864 4348 2)
921 4282 1002 4346 Cf.
1041 4284 1190 4347 epist.
1230 4282 1510 4345 Bonifatii
1547 4286 1613 4337 51
1654 4288 1732 4348 (p.
1770 4284 1903 4348 303)
1918 4301 1937 4333 .·
1976 4281 2124 4349 quod
2161 4281 2337 4333 omnis
2376 4298 2497 4333 aec-

258 4349 560 4403 clesiastica
597 4350 787 4419 regula
825 4351 937 4403 sive
977 4351 1260 4420 disciplina
1299 4354 1366 4405 ab
1419 4352 1611 4405 eadem
1660 4352 1943 4420 provincia
1994 4352 2237 4404 funditus
2290 4351 2497 4404 abolita

165 4436 218 4475 45
257 4425 354 4489 est,
393 4421 542 4488 quod
577 4421 740 4473 nimis
779 4422 1118 4491 merendum,
1159 4422 1304 4490 quod
1341 4440 1440 4491 per
1477 4424 1653 4491 spatia
1689 4426 1999 4491 temporum
2026 4422 2233 4475 ibidem
2260 4422 2497 4490 synodus

253 4492 602 4545 sacerdotum
639 4492 866 4545 minime
905 4493 1286 4549 celebraretur.

3111 3848 3145 3923 ΛΔ
