3167 5192
632 504 703 558 28
952 499 1145 556 VITA
1180 498 1587 556 BONIFATII
1624 497 1984 556 AUCTORE
2021 499 2538 556 WILLIBALDO.

629 706 783 750 rum
831 684 1072 750 laudes
1118 684 1509 768 rependita,
1573 688 1646 749 et
1693 685 1781 748 ad
1828 685 2018 750 beati
2063 683 2256 750 Petri
2301 705 2458 749 mox
2513 683 2896 766 ecclesiam

630 775 1055 858 perveniens,
1127 773 1449 858 diligenti
1508 793 1580 837 se
1651 772 1964 838 oratione
2034 773 2350 837 munivit.
2467 772 2642 838 Cum
2712 793 2896 838 vero

630 863 887 928 lassata
945 863 1299 948 paulisper
1359 861 1668 928 membra
1736 855 2175 945 quievissetb‚
2245 861 2384 925 iam
2443 863 2650 928 beato
2715 861 2896 926 Gre-

630 953 824 1036 gorio
872 951 1291 1037 apostolicae
1338 951 1518 1016 sedis
1565 951 1882 1035 pontifici
1926 951 2328 1016 nuntiatum
2367 955 2490 1028 est,
2540 952 2730 1035 quod
2761 952 2892 1015 hic

630 1042 765 1106 Dei
808 1040 1115 1106 famulus
1162 1041 1539 1106 adveniret.
1621 1039 1757 1120 Qui
1803 1040 2015 1105 etiam
2062 1040 2238 1106 bene
2285 1044 2644 1126 susceptus
2679 1061 2892 1106 ceno·
2933 1060 2964 1099 5

633 1131 991 1196 dochiam⁰
1048 1130 1392 1195 adductus
1440 1133 1567 1195 est.

843 1219 1281 1284 Adveniente
1349 1218 1585 1302 itaque
1646 1221 1990 1302 oportuno
2061 1218 2564 1284 conlocutionis
2634 1239 2886 1284 eorum

632 1310 743 1374 die
812 1313 885 1374 et
946 1308 1034 1372 ad
1095 1307 1453 1372 basilicam
1524 1307 1714 1372 beati
1773 1307 1966 1372 Petri
2035 1308 2334 1392 apostoli
2401 1303 2878 1373 adventanted

630 1398 929 1480 glorioso
977 1398 1159 1462 sedis
1218 1396 1622 1480 apostolici⁰
1678 1390 2061 1481 pontifioif,
2113 1397 2480 1462 confestim
2526 1397 2640 1461 hic
2689 1397 2881 1462 Deig

628 1487 934 1550 famulus
992 1487 1329 1550 invitatus
1377 1490 1501 1551 est.
1611 1485 1702 1550 Et
1763 1506 1917 1550 cum
1981 1487 2220 1569 paucis
2289 1485 2376 1550 ad
2433 1486 2733 1550 invicem
2797 1507 2883 1551 ac
2927 1507 2986 1546 ιο

630 1576 932 1660 pacificis
980 1596 1051 1640 se
1099 1574 1517 1640 salutassent
1563 1574 1811 1650 verbis,
1871 1575 2014 1638 iam
2072 1575 2156 1639 de
2218 1575 2514 1640 simbulo
2574 1579 2647 1641 et
2709 1576 2884 1640 fidei

630 1664 1135 1748 ecclesiasticae
1204 1664 1585 1728 traditione
1652 1663 2074 1747 apostolicus
2133 1663 2334 1727 illum
2395 1665 2714 1748 pontifex
2777 1664 2882 1728 in·

630 1754 930 1837 quisivit.
1047 1746 1219 1818 Cuih
1286 1774 1443 1818 mox
1512 1753 1627 1817 hic
1695 1753 1802 1816 vir
1861 1753 1994 1818 Dei
2062 1753 2422 1818 humiliter
2489 1755 2876 1838 respondit,

629 1844 898 1908 dicens:
963 1842 1281 1907 ‘Domine
1340 1841 1738 1929 apostolice,
1801 1843 1964 1906 novi
2032 1863 2142 1907 me
2181 1842 2620 1927 imperitum,
2683 1837 2861 1907 iami

631 1932 1055 2016 peregrinuS‚
1118 1934 1380 1996 vestrae
1440 1930 1941 1996 familiaritatis
2003 1951 2315 1996 sermone
2335 1931 2395 2010 1;·
2456 1932 2578 1996 sed
2637 1953 2874 2016 quem,
2923 1955 2978 1994 15

628 2024 710 2083 ut
770 2020 989 2085 otium
1008 2021 1033 2058 ²
1078 2021 1271 2094 mihi,
1332 2013 1652 2104 tempusk
1706 2021 2240 2085 conscribendae
2289 2020 2452 2085 fidei
2512 2023 2872 2096 concedas,

630 2114 701 2174 et
762 2113 957 2174 muta
1016 2113 1291 2174 tantum
1352 2108 1594 2174 littera
1653 2130 1875 2174 meam
1921 2109 2432 2235 rationabliliter
2492 2109 2698 2174 fidem
2759 2113 2878 2175 ad-

630 2197 2874 2372 {ifflassofipfflass‘ffi232‘if¹i²3{essssssiffnttssmssi.‚ussng‘ifflss

629 2377 961 2460 temporis
1008 2375 1286 2441 evoluto
1334 2377 1578 2460 spatio,
1629 2380 1910 2441 sanctae
1956 2376 2294 2440 trinitatis
2343 2377 2547 2441 fidem
2603 2378 2874 2442 urbana
2915 2400 2973 2439 20

630 2465 1119 2549 eloquentiaem
1149 2465 1436 2550 scientie
1468 2465 1928 2550 conscriptam
1962 2465 2344 2542 detulisset,
2379 2466 2864 2550 reddiditquen

631 2554 947 2639 praefato
978 2555 1311 2639 pontifici.
1390 2554 1837 2638 Exspectavit
1883 2555 2180 2639 quippe⁰
2221 2555 2673 2619 nihilominus
2723 2556 2870 2621 dies

630 2645 857 2708 adhuc
902 2643 1190 2727 aliquos.

844 2733 956 2797 Sic
988 2732 1221 2796 saltim
1251 2733 1665 2798 reinvitatus
1697 2736 1822 2810 est,
1858 2734 1930 2796 et
1960 2732 2372 2797 Lateranem
2403 2733 2867 2811 introductuS,

631 2821 991 2886 humiliter
1035 2842 1250 2906 prono
1297 2821 1499 2885 vultu
1550 2822 1886 2904 protinus,
1952 2821 2305 2906 postulata
2362 2820 2866 2900 benedictione,
2911 2845 2970 2884 25

630 2911 921 2994 pedibus
982 2910 1345 2994 apostolici
1408 2911 1756 2994 pontificis
1817 2910 2188 2974 advolutus
2249 2913 2386 2987 est;
2458 2911 2712 2995 quique
2771 2933 2870 2976 re-

631 3003 879 3082 pentel‘
935 2999 1231 3063 elevavit
1278 3019 1434 3063 eum
1484 3020 1524 3062 a
1570 3003 1758 3064 terra
1804 3003 1875 3064 et
1922 3003 2203 3077 cartam,
2249 2999 2370 3064 inq
2414 3020 2552 3083 qua
2594 3002 2870 3086 integra

632 3091 703 3152 et
769 3089 1172 3171 incorrupta
1243 3089 1443 3154 fidei‘
1519 3089 1750 3172 patuit
1817 3089 2073 3153 veritas
2091 3139 2104 3164 ‚
2176 3089 2340 3154 huic
2401 3089 2537 3154 Dei
2602 3090 2870 3154 famulo

629 3177 935 3241 reddidit
982 3197 1273 3260 eumque
1319 3179 1688 3242 consedere
1732 3177 1924 3242 fecit.
2017 3177 2110 3241 Et
2154 3177 2497 3242 salutare⁸
2551 3199 2710 3243 eum
2757 3180 2870 3242 ad·

633 3266 1031 3330 monitionis
1078 3267 1397 3331 doctrina
1439 3266 1788 3344 instruxit,
1838 3269 1921 3330 ut
1966 3267 2146 3331 hanc
2179 3267 2328 3332 sine
2358 3267 2870 3332 intermissione
2909 3289 2968 3329 30

629 3355 1112 3420 intemeratam
1160 3355 1325 3420 fidei
1370 3355 1827 3419 munitionem
1891 3360 2327 3420 conservaret
2387 3359 2460 3420 et
2520 3356 2674 3422 aliis
2692 3353 2712 3392 t
2772 3357 2870 3420 in-

631 3448 897 3509 stanter
973 3465 1252 3508 suarum
1328 3465 1452 3528 pro
1530 3444 1994 3528 possibilitate
2069 3445 2319 3508 virium
2414 3446 2869 3528 praedicaret.

843 3654 881 3692 1.
930 3654 1034 3704 Gap.
1056 3655 1097 3693 6.
1157 3656 1194 3695 1.
1225 3655 1297 3696 20.
1318 3654 1356 3694 b.
1378 3665 1413 3694 c.
1445 3655 1485 3695 3.
1514 3654 1555 3694 4.

630 3727 675 3772 a)
702 3723 909 3773 inpendit
934 3725 1001 3767 212.
1108 3723 1154 3775 b)
1181 3725 1247 3763 ita
1270 3727 1308 3766 1.
1340 3725 1397 3762 2α
1422 3724 1512 3773 (pr.
1543 3728 1641 3773 m.).
1669 3725 1718 3771 b,-
1755 3725 2030 3773 quievissent
2055 3726 2152 3766 rell.
2263 3725 2304 3775 c)
2341 3726 2406 3764 ita
2434 3726 2480 3774 13
2517 3721 2870 3764 uenodochium

629 3779 733 3825 (sic)
750 3778 829 3824 21³5
855 3779 1175 3818 zenodochium
1186 3779 1243 3826 (9)
1270 3790 1327 3819 m.
1352 3779 1411 3819 al.
1433 3789 1547 3819 corr.
1569 3776 1896 3818 xenodochium
1913 3779 1986 3827 sa,
2015 3782 2055 3818 ot
2082 3780 2148 3816 ita
2173 3779 2270 3820 rell.
2381 3777 2427 3829 d)
2454 3779 2722 3820 adveniente
2746 3779 2866 3821 2a.b.
2908 3776 2964 3816 ³5

632 3831 675 3880 e)
702 3832 767 3869 ita
796 3833 850 3882 13
873 3831 1146 3880 apostolicae
1174 3832 1269 3872 rell.
1382 3830 1421 3884 s)
1459 3832 1524 3869 ita
1554 3834 1593 3872 1.
1625 3833 1681 3870 2α
1708 3832 1798 3882 (pr.
1829 3835 1926 3882 m.).
1960 3832 2010 3879 b,·
2047 3831 2257 3881 pontifice
2285 3833 2380 3873 rell.
2493 3831 2541 3882 g)
2577 3842 2792 3882 superacta
2828 3834 2866 3872 1.

632 3885 679 3932 h)
708 3885 809 3932 Cu(i
836 3884 1071 3934 superscr.)
1102 3887 1137 3927 1.
1246 3884 1281 3934 i)
1318 3897 1376 3925 m.
1410 3885 1469 3924 al.
1500 3895 1714 3936 ευριπ-εον.
1747 3890 1972 3934 tamquam
2001 3886 2069 3927 sa.
2178 3885 2226 3934 k)
2263 3885 2475 3934 temporis
2502 3886 2544 3929 4.
2639 3883 2682 3934 ’1)
2720 3885 2786 3922 ita
2815 3886 2866 3935 13

630 3938 853 3978 consensit
879 3939 974 3979 rell.
1059 3937 1120 3988 m)
1154 3938 1219 3976 ita
1247 3941 1292 3987 1;
1324 3939 1379 3981 el.
1407 3939 1598 3978 scientia
1625 3939 1666 3978 3.
1695 3939 1762 3990 43·
1787 3939 2042 3988 eloquentia
2067 3941 2148 3986 (sc.
2179 3940 2286 3990 om.)
2315 3940 2383 3981 Sa.
2407 3939 2448 3980 b.
2469 3949 2504 3980 e.
2589 3937 2637 3989 n)
2665 3949 2753 3986 que
2779 3949 2866 3979 om.

630 3993 691 4032 20.
723 3993 762 4032 3.
873 3993 919 4038 o)
944 3991 1042 4031 nih.
1072 3991 1239 4041 quippe
1269 3994 1289 4031 1
1320 3991 1394 4044 (cr.
1416 4004 1467 4041 p.
1485 3991 1550 4044 29,
1568 3992 1620 4030 9:
1651 3990 1878 4031 intimavit
1907 3992 2105 4042 quippe).
2217 3995 2264 4042 p)
2305 4003 2408 4032 eum
2436 4002 2533 4042 rep.
2563 3991 2620 4033 el.
2652 3993 2726 4040 2c,·
2769 4002 2866 4041 rep.

630 4057 743 4086 eras.
774 4046 824 4094 43
854 4055 955 4084 eum
986 4055 1071 4090 orn.
1096 4045 1166 4087 2a.
1184 4045 1223 4086 b.
1308 4050 1355 4096 q)
1382 4057 1466 4089 om.
1492 4045 1532 4088 4.
1615 4044 1654 4096 r)
1681 4056 1895 4096 super-eor.
1925 4047 1965 4086 3.
2051 4049 2090 4094 s)
2117 4046 2182 4084 ita
2210 4048 2256 4096 ις
2295 4046 2482 4092 salutati
2510 4046 2606 4086 rell.
2691 4048 2727 4092 t)
2755 4045 2869 4085 alias
2906 4043 2963 4082 40

630 4100 701 4149 2α,
731 4109 847 4139 corr.

633 4275 685 4345 1)
724 4277 793 4328 Id
826 4277 969 4342 quod
1002 4291 1174 4344 supra
1202 4293 1261 4343 p.
1286 4279 1376 4343 21,
1406 4279 1501 4332 11:
1538 4273 1823 4344 vulgarica
1858 4274 2236 4329 Romanorum
2273 4275 2478 4344 lingua.
2579 4275 2644 4345 ἓ)
2686 4274 2867 4327 Ovium

630 4349 792 4413 quasi
825 4348 975 4400 breve
1007 4353 1215 4414 tempus
1246 4351 1634 4414 interpretatus
1668 4354 1743 4402 eet
1765 4347 2134 4414 Narnberyer,
2171 4347 2587 4414 Disquwitionoe
2611 4363 2672 4413 p.
2698 4346 2870 4410 XIII,

630 4433 863 4484 monens,
899 4419 1185 4471 monialem
1220 4418 1742 4472 Heidenheimensem
1777 4434 1912 4471 oceo
1955 4435 2062 4486 pro
2099 4417 2254 4471 ocius
2288 4420 2385 4484 (ει-
2423 4421 2546 4485 cito)
2594 4420 2872 4486 empsisse
2941 4439 2948 4444 ·

631 4489 753 4555 (SS.
792 4489 920 4554 XV,
943 4491 1032 4554 89,
1058 4492 1106 4545 3.
1136 4492 1222 4545 14.
1262 4491 1382 4555 105,
1410 4491 1497 4546 20.
1539 4491 1659 4556 107,
1684 4493 1771 4545 25.
1813 4492 1934 4554 113,
1961 4493 2044 4545 19.
2086 4492 2208 4556 117,
2235 4493 2350 4556 29),
2386 4491 2477 4542 sed
2511 4491 2605 4542 vix
2638 4495 2790 4544 reete.
2906 4503 2962 4543 45
